2550 4726
254 361 314 424 144
462 344 527 409 oa
555 344 744 435 nunun
771 342 987 408 asanaa
1047 360 1081 409 v.
1103 347 1171 428 7⁵7·

253 490 317 553 Per
325 483 503 551 simulacra
513 485 664 566 leonum,
675 494 798 569 oetera,
810 487 995 569 quaevidet
1006 504 1132 570 aeque,

252 599 322 659 Nee
330 595 450 675 minus,
462 601 560 672 atque
567 591 669 670 oculi,
680 591 746 656 nisi
755 596 847 674 quod
855 613 952 681 mage
962 592 1197 659 tenuissemil.

295 702 363 761 Nee
373 697 502 761 ratione
512 694 594 777 alia,
604 714 706 776 quom
716 716 852 763 somnus
861 702 1014 763 membra
1023 698 1187 783 profudit,

254 807 349 869 Mens
362 800 466 899 numi
476 785 608 885 vigilat,
622 798 688 863 nisi
697 819 763 880 qua
775 799 953 865 simulacra
966 802 1149 884 lacessunt,

254 912 347 976 llaec
360 912 475 973 eadem
484 918 614 973 nostros
627 906 773 990 animos,
785 926 885 991 quae,
896 926 998 990 quom
1007 907 1185 993 vigilamus

256 1015 472 1097 Usqueadeo,
482 1021 615 1076 certent
626 1013 942 1077 videamuroernere
953 1032 1046 1095 eum,
1057 1032 1158 1095 quem

257 1120 400 1185 Reddita
410 1121 491 1200 vita,
503 1117 570 1181 iem
580 1138 669 1182 mors
680 1130 712 1183 et
725 1128 810 1181 terra
825 1117 931 1201 potita
942 1129 1000 1184 est.

257 1223 333 1287 Hoc
344 1221 421 1286 ideo
433 1219 506 1285 fieri
518 1220 605 1309 oogit
617 1232 749 1304 natura,
761 1224 853 1303 quod
865 1241 981 1286 omnes
1002 1268 1005 1273 ·
1076 1266 1088 1285 .

259 1325 416 1410 Corporis
431 1321 543 1391 offecti
556 1345 668 1390 sensus
677 1325 895 1407 permembra
905 1324 1098 1410 quieseunt,

259 1434 328 1497 Nee
339 1439 476 1515 possunt
486 1432 606 1495 falsum
616 1427 701 1494 veris
711 1429 908 1492 convincere
920 1432 1028 1493 rehtm-

259 1544 449 1622 Praeterea,
463 1538 650 1605 meminisse
658 1537 754 1619 iacet,
771 1540 972 1624 languetque
980 1558 1120 1622 sopore,

260 1647 329 1710 Nee
340 1644 504 1726 dissentit,
516 1665 593 1708 eum
603 1640 720 1707 mortis
731 1639 857 1722 letique
868 1642 1012 1724 potitum

260 1747 476 1831 Iampridem,
486 1766 587 1828 quem
597 1767 690 1810 mens
701 1745 816 1809 rivum
825 1768 861 1810 se
870 1766 1005 1813 eernere
1014 1750 1128 1815 eredit.
1151 1792 1155 1797 -

303 1854 402 1938 Quod
410 1862 571 1935 superest,
583 1870 652 1914 non
660 1860 709 1915 est
718 1851 856 1933 mirum,
866 1852 1045 1917 simulacre
1054 1852 1249 1933 moveri,

261 1956 466 2040 Brachioque
477 1957 515 2020 in
530 1976 706 2021 numerum
718 1957 857 2041 iactare,
873 1969 906 2022 et
918 1969 1027 2023 cetera
1034 1962 1246 2024 membra-

263 2063 349 2126 Nam
359 2058 411 2144 fit,
428 2070 465 2123 ut
478 2061 515 2125 iu
527 2060 654 2126 somnis
663 2061 771 2124 tacere
783 2063 847 2126 hoc
859 2062 1011 2125 videatur
1024 2062 1150 2151 imago.
1161 2066 1267 2145 77²

263 2169 353 2250 ttoc,
370 2165 429 2231 ubi
444 2165 553 2250 prima
568 2159 671 2249 perit,
684 2165 818 2249 alioque
830 2178 878 2231 est
890 2170 994 2232 altera
1005 2178 1087 2233 nata

263 2275 348 2337 Inde
361 2282 461 2354 statu,
473 2271 567 2355 prior
582 2275 664 2335 haee
676 2283 805 2359 gestum
821 2284 963 2338 mutasse
975 2274 1121 2340 videtur.

265 2380 395 2445 Scilicet
406 2378 442 2441 id
457 2376 529 2441 fieri
544 2378 643 2441 celeri
656 2377 783 2442 ratione
798 2381 985 2461 putandum
1000 2388 1069 2445 ests

265 2486 372 2547 Tanta
380 2492 429 2547 est
442 2479 624 2563 mobilitas,
637 2492 669 2544 et
687 2502 798 2544 rerum
812 2481 908 2564 copia
919 2491 1030 2565 tanta,

133 2648 141 2654 .
267 2589 438 2666 Tantaque
448 2585 595 2649 sensibili
608 2586 725 2666 quovis
737 2595 784 2650 est
795 2597 943 2670 tempore
951 2586 989 2649 in
1004 2606 1076 2651 uno
1142 2610 1148 2621 ·

268 2691 372 2777 Copia
388 2690 643 2774 particularum,
658 2702 694 2755 ut
707 2694 809 2775 possit
823 2694 1045 2777 suppeditare.

267 2803 439 2883 Multaque
448 2798 486 2862 in
498 2799 550 2864 his
561 2800 660 2862 rebus
675 2808 895 2881 quaeruntur,
904 2787 1075 2879 multaque
1086 2792 1185 2862 nobis
1263 2782 1266 2787 ¹

269 2907 470 2970 Clarandum
483 2915 544 2987 est,
559 2906 658 2987 plane
671 2902 700 2967 si
714 2923 766 2967 res
780 2923 946 2986 exponere
957 2920 1105 2965 avemus.

243 3016 248 3026 ’
309 3010 537 3097 Quaeriturin
548 3010 678 3094 primis,
688 3030 805 3093 quare,
820 3010 912 3091 quod
921 3006 1194 3090 quoiquelibido

269 3119 422 3203 Venerit,
437 3123 603 3204 extemplo
613 3142 706 3185 mens
716 3121 837 3208 eogitet
846 3119 915 3183 eius
927 3119 963 3182 id
973 3119 1094 3202 ipsum.

268 3228 577 3295 Annevolunntem
592 3236 736 3290 nostram
752 3225 928 3287 simulacra
944 3233 1098 3304 tuentur,

270 3335 325 3416 Et,
337 3331 477 3397 simulac
491 3333 660 3412 volumus,
677 3329 775 3393 nobis
790 3328 1086 3421 occurritlimagoi

269 3439 305 3503 si
320 3460 428 3522 mare,
440 3437 469 3502 si
481 3446 619 3518 terram,
635 3435 728 3500 cordi
736 3446 799 3518 est,
815 3434 843 3499 si
859 3433 1003 3517 denique
1014 3437 1168 3519 ooelum,

272 3553 460 3612 Conventus
473 3545 664 3626 hominum,
678 3564 852 3628 pompam,
864 3542 1036 3625 convivia,
1049 3564 1183 3631 pugnas
1202 3570 1248 3629 ρ

271 3649 395 3713 Omnia
409 3652 473 3715 sub
481 3652 628 3722 verbone
637 3660 725 3715 creat
735 3660 872 3731 natura,
884 3650 1070 3731 paratque?

272 3755 382 3838 Quom
393 3755 586 3840 praesertim
598 3753 685 3839 aliie,
702 3757 820 3820 eadem
830 3755 1015 3843 inregione
1021 3758 1195 3841 locoque,
