2550 4726
238 379 297 440 182
435 377 504 440 DE
529 376 719 438 RERUM
746 374 969 438 NATURA
1033 377 1169 461 v.594.

237 518 336 605 Quod
348 519 452 583 maria
463 539 501 584 ao
512 529 612 584 terras
623 520 750 584 omneis
764 522 960 604 coelumque
972 521 1113 610 rigando

238 627 423 709 Compleat‚
433 636 466 688 et
476 626 584 690 calido
593 627 769 709 perfundat
782 636 899 690 cuncta
909 634 1043 709 vapore.

237 731 319 792 Nam
335 729 413 792 licet
426 727 504 791 hine
519 727 636 791 mundi
649 728 847 810 patefactum
863 728 962 791 totius
977 748 1085 790 unum

236 830 440 918 largifluum
449 832 579 893 ,fontem
591 842 730 913 scatere,
744 842 842 913 atque
853 853 1027 916 erumpere
1041 834 1243 915 lumen,

122 928 126 941 ’
237 938 287 1000 Ex
304 936 398 1027 omni
412 938 537 998 mundo
553 936 632 1016 quia
644 936 690 1001 sic
706 938 867 1001 elementa
881 937 1014 1021 vaporis

238 1042 394 1123 Undique
409 1041 626 1124 conveniunt,
643 1043 734 1107 etsie
752 1043 918 1106 coniectus
932 1062 1050 1105 eorum

239 1145 398 1226 confluit,
414 1166 453 1208 ex
467 1166 535 1208 uno
550 1147 655 1229 capite
670 1148 725 1212 hic
738 1158 776 1210 ut
788 1149 929 1231 profluat
943 1149 1053 1209 ardor.

149 1335 151 1339 y
237 1253 355 1314 Nonne
371 1248 463 1313 vides
479 1249 596 1333 etiam,
611 1272 711 1332 quam
724 1254 790 1316 lete
806 1272 927 1335 parvus
940 1255 1041 1339 aquai

238 1357 335 1420 Prata
349 1354 432 1440 riget
444 1354 718 1437 t'onsinterdum,
734 1357 923 1439 campisque
935 1354 1122 1421 redundet?

278 1461 333 1522 Est
343 1458 441 1521 etiam
457 1478 605 1541 quoque,
617 1458 666 1521 uti
678 1480 746 1523 non
756 1480 878 1546 magno
889 1461 967 1524 solis
977 1463 1019 1523 ab
1030 1460 1105 1547 igni

237 1567 324 1630 Aera
341 1566 503 1650 percipiat
518 1567 633 1631 calidis
650 1567 836 1631 fervoribus
847 1571 963 1648 ardor3

239 1676 455 1758 opportunus
465 1677 512 1739 ita
525 1686 572 1741 est
582 1677 610 1740 si
622 1679 705 1740 forte
716 1689 748 1742 et
760 1679 899 1744 idoneus
911 1686 981 1762 atr,

238 1779 283 1842 Ut
296 1789 395 1859 queat
405 1779 555 1861 accendi,
570 1780 680 1863 parvis
691 1781 865 1846 ardoribus
880 1783 983 1846 ictus:

239 1881 338 1965 Quod
347 1902 452 1968 genus
463 1881 629 1945 interdum
646 1894 774 1975 segetep
781 1885 1004 1968 stipulamque
1013 1882 1212 1949 videmus

238 1984 398 2069 Accipere
413 2009 454 2051 ex
469 2008 536 2050 una
551 1987 693 2055 scintilla
707 1988 861 2052 incendia
875 1988 1007 2071 passim.

279 2091 429 2154 Forsitan
443 2100 475 2156 et
488 2113 581 2157 rosea
595 2095 645 2156 sol
662 2095 727 2156 alte
742 2094 894 2175 lampade
907 2094 1023 2156 lucens
1137 2091 1235 2166 509

238 2181 407 2260 Possideat
418 2200 560 2261 multum
577 2197 681 2260 caecis
696 2197 881 2260 fervoribus
893 2197 1007 2283 ignem

239 2284 372 2362 Circum
387 2321 438 2383 se,
454 2302 549 2364 nullo
565 2300 623 2382 qui
639 2301 680 2364 sit
693 2300 823 2386 fulgore
841 2311 991 2383 notatus,

237 2404 423 2468 Aestiferin
434 2416 561 2469 tantum
575 2405 743 2469 radiorum
760 2416 917 2493 exaugeat
928 2406 1043 2470 ictum.
1137 2438 1145 2449 ’

279 2517 346 2578 Nec
359 2515 443 2576 ratio
453 2516 531 2580 solis
547 2516 687 2597 simplex
701 2526 759 2580 aut
774 2527 863 2578 recta
880 2516 1035 2598 patescit,

238 2624 315 2705 Quo
327 2602 426 2704 paolo
437 2622 565 2685 aestivis
579 2644 597 2683 e
611 2623 758 2704 partibus
768 2622 977 2706 Aegocerotis

239 2725 420 2788 Brumaleis
431 2728 527 2788 adeat
542 2729 660 2807 flexus,
674 2738 788 2808 atque,
799 2727 877 2789 inde
890 2735 1076 2810 revortens,

240 2826 393 2891 canceris
409 2838 446 2891 ut
460 2838 569 2892 vortat
584 2841 686 2893 metas
700 2832 742 2892 ad
755 2828 972 2894 solstitialeis:

179 2990 181 2997 s
238 2937 399 3018 Lunaque
409 2938 576 3004 mensibus
592 2939 628 3001 id
641 2939 784 3022 spatium
796 2939 948 3002 videatur
961 2939 1074 3022 obire,

238 3042 358 3108 Annua
367 3047 417 3106 sol
426 3044 463 3107 in
474 3026 541 3126 quo
554 3045 718 3109 consumit
729 3055 878 3127 tempora
889 3066 1005 3110 cursu:

238 3151 329 3233 Non,
343 3152 495 3233 inquam,
510 3154 649 3235 simplex¹
658 3152 714 3214 his¹
720 3154 818 3213 rebus
828 3152 956 3215 reddita
967 3172 1065 3217 causa
1079 3160 1137 3219 est.

278 3259 362 3318 Nam
376 3255 448 3322 fieri
459 3258 513 3318 vel
527 3277 603 3318 cum
618 3256 734 3338 primis
745 3256 780 3318 id
791 3277 886 3338 posse
899 3258 1048 3341 videtur,

238 3360 420 3425 Democriti
440 3363 530 3440 quod
545 3369 656 3422 sancta
668 3359 732 3420 viri
746 3360 907 3422 sententia
922 3362 1036 3444 ponit:

239 3467 373 3556 Quanto
389 3483 538 3547 quaeque
551 3462 654 3550 magis
664 3462 729 3526 sint
740 3473 859 3526 terram
873 3465 981 3527 sidera
991 3474 1149 3550 propter,

240 3571 347 3642 Tanto
360 3589 456 3651 posse
470 3566 581 3633 minus
596 3588 671 3629 cum
686 3565 771 3629 coeli
785 3567 915 3630 turbine
925 3567 1017 3632 ferri.

238 3670 441 3734 Evanescere
452 3669 543 3735 enim
555 3670 685 3753 rapidas
695 3670 800 3754 illius,
816 3681 847 3733 et
863 3669 967 3736 aereis

237 3774 397 3846 Imminui
410 3781 522 3851 subter
536 3778 650 3846 vireis:
664 3777 804 3861 ideoque
816 3776 962 3860 relinqui
