2572 4732
295 377 367 462 ιιι
514 371 582 435 ιιι
604 372 790 437 annun
818 371 1033 437 urruns
1079 393 1114 438 v.
1138 378 1224 441 1³⁵6.

304 515 962 605 Agricolaedonecritiovortere-sererm
996 538 1021 553 ι’

304 626 350 688 Ut
363 624 580 691 muliebribus
592 623 628 687 id
642 623 795 686 manibus
809 627 990 687 concedere
1002 626 1145 711 vellent,
1226 616 1229 620 ¹
1263 687 1264 690 ,

305 725 622 812 Αιιιιιοὶριὶφιιίιιι
635 728 757 789 durum
771 723 910 792 sufferre
924 729 1091 808 laborem3
1140 758 1143 764 ²
1197 778 1203 794 ,

305 837 414 916 Atque
426 854 526 916 opere
537 833 670 895 induro
683 833 839 895 durarent
853 836 1003 896 membra
1015 852 1207 917 manusque.

346 943 389 1002 At
399 938 568 1023 specimen
577 936 727 1020 sationis,
743 948 775 1000 et
790 937 954 1003 insitionis
968 939 1082 1026 origo,

305 1046 380 1130 Ipsa
393 1044 456 1108 fuit
471 1064 584 1108 rerum
601 1041 748 1125 primum
763 1046 888 1106 Natura
904 1045 1061 1108 creatrix:

304 1146 486 1213 Arboribus
499 1147 660 1230 quoniam
674 1151 793 1212 baccae
805 1151 1017 1235 glandesque
1030 1154 1176 1218 caducae
1268 1190 1272 1202 ·

305 1253 515 1337 Tempestiua
529 1255 653 1318 dabant
664 1256 834 1337 pullorum
850 1255 1002 1318 examina
1018 1258 1143 1322 subter.

305 1357 402 1425 Unde
416 1356 516 1425 etiam
528 1360 660 1435 libitum
675 1369 723 1422 est
733 1361 861 1443 stirpeis
872 1361 1076 1437 committere
1091 1364 1207 1449 mmis,

306 1471 347 1531 Et
361 1488 448 1533 nova
464 1468 621 1532 defodere
630 1467 666 1530 in
681 1477 802 1530 terram
817 1468 962 1554 virgulta
978 1488 1038 1558 per
1054 1489 1164 1555 agros.
1212 1506 1215 1511 ·

345 1576 430 1639 Inde
439 1573 540 1638 aliam
552 1573 763 1655 atquealiam
778 1575 941 1636 culturam
953 1573 1058 1639 dulcis
1074 1576 1187 1663 agelli-

305 1685 506 1747 Tentabant·
497 1683 709 1762 insutusque
719 1680 807 1745 feros
819 1700 1047 1746 mansuescere
1058 1691 1146 1747 terra

305 1794 492 1854 cernebant
504 1789 727 1913 indulgendo,
737 1790 925 1870 blandeque
940 1791 1095 1853 colundo.

305 1899 410 1980 Inque
427 1897 497 1960 dies
510 1894 617 1982 magis
628 1895 665 1959 in
678 1868 826 1958 montem
839 1897 1017 1959 succedere
1028 1894 1132 1959 silvas

307 2006 493 2091 cogebant,
511 2001 665 2082 intraque
679 1999 780 2064 situm
795 2003 976 2064 concedere
989 1999 1105 2065 cultis·

305 2113 402 2173 Prata
408 2111 538 2191 ,laeus,
553 2106 658 2188 rivos,
675 2117 816 2193 segetes,
834 2107 1010 2188 vinetaque
1023 2108 1126 2189 laeta,
1184 2109 1280 2189 rtqrq

307 2215 455 2278 Collibus
466 2211 638 2296 etcampis
649 2222 686 2275 ut
699 2214 879 2290 haberent,
889 2221 988 2294 atque
1004 2215 1158 2277 olearum
1206 2255 1210 2263 -
1277 2194 1280 2277 l

306 2321 446 2384 Caerula
458 2318 663 2404 distinguens
673 2315 759 2379 inter
770 2319 868 2403 plaga
882 2337 1014 2380 currere
1024 2327 1151 2400 posset3
1276 2288 1280 2387 i

305 2429 369 2490 Per
380 2427 541 2507 tumulos,
552 2434 584 2487 et
597 2420 793 2513 ponvalleis,
811 2416 1028 2506 camposque',
1041 2422 1193 2506 profluat
1277 2432 1280 2453 ²

264 2582 267 2586 .
305 2529 350 2590 Ut
361 2550 450 2592 nunc
462 2549 531 2592 esse
547 2527 639 2592 rides
656 2527 749 2591 vario
763 2526 916 2591 munera
933 2531 1049 2613 lepore
1071 2575 1073 2578 ψ
1180 2572 1183 2579 ·

307 2631 445 2713 Omnia,
461 2653 563 2713 quae,
581 2630 688 2714 pomis
698 2632 846 2695 intersita
859 2634 1027 2718 dulcibus,
1045 2644 1181 2720 ornant,
1199 2676 1205 2705 ι
1278 2696 1280 2723 :

305 2736 518 2818 Arbustisque
536 2745 648 2799 tenent
661 2735 813 2799 felicibus
827 2737 934 2801 obsita
945 2739 1081 2805 circum·

346 2843 388 2904 At
406 2839 548 2922 liquidas
565 2839 679 2903 avium
696 2859 791 2902 voces
801 2839 964 2904 imitarier
977 2862 1036 2905 ore

305 2954 390 3015 Ante
404 2950 468 3014 fuit
481 2952 603 3033 multo,
616 2970 717 3039 quam
731 2947 839 3010 laevia
857 2949 1005 3027 carmina
1020 2959 1120 3014 cantu
1160 2998 1165 3007 .
1275 3006 1280 3019 ,

305 3059 543 3121 Concelebrare
554 3056 705 3119 homines
722 3064 868 3138 possent,
881 3055 1053 3142 aureisque
1067 3055 1190 3119 iuvare.

306 3167 346 3226 Et
356 3163 516 3246 Zephyri,
535 3183 615 3226 cava
633 3183 692 3246 per
707 3163 926 3242 calamorum,
941 3159 1039 3229 sibila
1048 3160 1193 3246 primum

306 3268 467 3358 Agresteis
479 3272 621 3332 docuere
633 3278 728 3331 ratas
740 3268 855 3332 inflare
871 3267 1004 3331 cicutas.

306 3378 388 3438 lnde
399 3374 586 3437 minutatim
602 3375 725 3438 dulceis
739 3375 884 3459 didicere
898 3379 1068 3459 querelas,

306 3475 402 3542 Tibia
416 3496 497 3558 quas
507 3476 638 3557 fundit,
650 3475 761 3563 digitis
772 3479 901 3560 pulsata
916 3469 1109 3558 canentum,

306 3577 389 3640 Avia
405 3599 465 3661 per
479 3597 615 3640 nemora
631 3599 670 3644 ac
683 3579 781 3642 silvas
795 3582 963 3661 saltusque
977 3591 1125 3664 reperta,

307 3682 370 3743 Per
382 3682 454 3743 loca
470 3692 637 3764 pastorum
650 3686 900 3764 deserta,atque
913 3683 980 3746 otia
994 3684 1061 3747 dia.
1170 3738 1173 3743 ,
1246 3692 1252 3729 ⁸

346 3784 398 3846 Sic
412 3779 680 3872 unumquidquid
691 3788 865 3872 paullatim
876 3789 1039 3876 protrahit
1055 3799 1145 3855 aetas
1185 3826 1189 3836 ·
