2572 4732
314 390 519 454 aranu
558 389 611 453 11.
651 410 778 476 m79.
985 393 1023 459 σι

61 534 342 621 Praecipiteisque
353 536 441 620 rapi,
454 546 564 601 tamen
577 560 644 603 esse
659 539 694 603 in
705 522 838 623 pectoie
847 549 959 608 nostro

64 643 252 728 Quiddam,
263 644 355 723 quod
364 653 479 706 eontra
488 666 652 731 pugnare,
662 649 858 727 obstareque
869 649 987 732 possit3

66 749 199 834 Quoius
212 751 254 810 ad
268 747 442 810 arbitrium
457 769 588 830 quoque
601 751 696 834 eopia
710 754 862 817 materiai

66 854 207 942 Cogitur
216 855 383 917 interdum
398 855 484 917 flecti
495 847 555 938 per
566 861 731 942 membra,
743 881 804 944 per
813 873 917 948 artus,

65 962 111 1022 Et
123 960 270 1054 proiecta
280 960 481 1045 refrenatur,
491 972 646 1044 retroque
660 965 797 1029 residit?

68 1068 181 1151 Quare
189 1066 227 1129 in
235 1065 416 1129 seminibus
425 1085 557 1148 quoque
567 1067 655 1129 idem
668 1068 791 1134 fateare
806 1074 1008 1157 necesseeat,

68 1174 148 1235 Esse
160 1171 260 1234 aliam
274 1179 406 1255 praeter
421 1173 534 1258 plagas
547 1182 579 1233 et
592 1174 742 1255 pondera
754 1190 886 1241 causam

68 1274 234 1358 Motibus,
243 1277 333 1339 unde
343 1269 485 1339 haecest
495 1276 570 1344 ullis
583 1276 696 1340 innata
713 1288 869 1361 potestas:

69 1387 124 1446 De
136 1382 244 1446 nihilo
251 1381 415 1464 quoniam
427 1379 500 1444 fieri
511 1380 559 1443 nil
572 1402 667 1465 posse
678 1384 839 1449 videmus.

70 1494 207 1558 Pondus
220 1491 310 1554 enim
320 1488 546 1572 prohibet,ne
557 1488 664 1575 plagis
674 1489 786 1552 omnia
798 1487 896 1576 fiant,
990 1573 992 1578 Ι
1026 1507 1029 1512 ’

70 1600 216 1660 Externa
227 1596 320 1677 quasi
328 1595 379 1658 vi:
392 1596 451 1658 sed
465 1614 508 1657 ne
520 1616 613 1659 mens
626 1596 697 1679 ipsa
710 1616 882 1661 necessum

71 1687 272 1766 Intestinum
289 1703 409 1763 habeat
423 1701 548 1764 cunctis
562 1701 599 1764 iu
615 1682 713 1767 rebus
726 1703 884 1790 agundim

72 1807 131 1885 Et,
142 1805 270 1868 devicta
283 1804 394 1888 quasi,
404 1814 540 1890 cogatur
551 1806 653 1889 ferre,
664 1808 815 1891 patique:

73 1912 116 1972 Id
130 1908 209 1971 saeit
222 1909 380 1994 exiguum
392 1909 557 1972 clinamen
573 1911 818 1992 principiorum

75 2021 144 2080 Nec
161 2013 300 2098 regione
313 2011 380 2074 loci
395 2020 495 2092 certa,
508 2032 570 2074 nec
584 2022 731 2094 tempore
748 2023 848 2075 cert0.
980 2020 1038 2100 29³

119 2125 186 2184 Nec
198 2119 316 2202 stipata
330 2111 436 2204 magis
450 2116 513 2180 fuit
526 2138 673 2200 unquam
688 2119 848 2182 materiai-

78 2223 199 2307 Copia,
212 2244 274 2286 nec
289 2240 390 2304 porro
407 2215 588 2284 maioribus
604 2221 802 2285 intervallis:

78 2336 165 2396 Nam
172 2349 280 2411 neque
289 2326 478 2413 adaugescit
489 2326 671 2409 quidquam
679 2373 689 2410 ,
699 2348 808 2407 neque
817 2326 944 2411 deperit
951 2328 1043 2399 inde.¹

80 2441 309 2523 Quapropter,
320 2434 387 2515 quo
397 2422 486 2496 nuuc
498 2432 535 2496 in
551 2430 903 2515 motu-principiorum

81 2544 231 2622 Corpora
241 2542 332 2618 sunt,
343 2536 380 2598 in
395 2537 509 2600 eodem
522 2543 671 2598 anteacta
681 2540 786 2623 aetate
800 2533 912 2617 fuere,

83 2646 124 2709 Et
135 2646 272 2728 posthac
284 2662 413 2726 semper
425 2639 528 2705 simili
544 2639 673 2702 ratione
685 2638 851 2703 ferentur:

83 2751 126 2812 Et
134 2766 219 2830 quae
230 2730 429 2809 consuerunt
439 2743 547 2830 gigni,
559 2742 737 2830 gignentur
750 2744 867 2804 eadem

86 2852 302 2928 conditione3
313 2860 344 2914 et
353 2859 464 2931 erunt,
474 2858 507 2910 et
517 2853 678 2926 crescent,
689 2845 791 2923 inque
799 2845 972 2930 valebunt,

87 2956 414 3046 Quantum'quoique
425 2957 539 3017 datum
550 2963 597 3015 est
606 2973 665 3034 per
676 2953 810 3012 foedera
818 2958 968 3020 naturai:

88 3068 157 3129 Nec
166 3083 277 3125 rerum
288 3076 452 3123 summam
463 3065 664 3118 commutare
675 3054 744 3115 ulla
754 3064 860 3137 potest
867 3056 928 3119 vis.

36 3246 39 3251 Ι
89 3168 192 3245 Nam,
204 3185 313 3246 neque
329 3183 395 3244 quo
409 3161 511 3245 possit
526 3181 630 3248 genus
643 3160 751 3222 ullum
766 3161 917 3224 materiai

90 3264 246 3356 Effirgere
262 3269 417 3352 exomni,
433 3267 618 3350 quidquam
628 3275 689 3350 est,
709 3285 818 3348 neque
828 3286 957 3351 rursus,
972 3264 1010 3333 in

753 3391 852 3435 omne

94 3476 190 3558 Unde
200 3484 314 3540 coorta
325 3484 423 3555 queat
433 3495 520 3538 nova
529 3473 578 3539 vis
586 3473 786 3557 irrumpere,
799 3484 831 3538 et
841 3492 976 3539 omnem

93 3587 254 3647 Naturam
268 3603 380 3669 rerum
395 3593 535 3663 mutare,
546 3591 578 3643 et
589 3589 718 3642 vortere
731 3590 853 3642 motus.
928 3625 932 3631 ·

135 3694 226 3755 Illud
239 3692 275 3754 iu
287 3692 338 3756 his
355 3693 453 3753 rebus
463 3710 531 3753 non
543 3698 591 3753 est
605 3688 773 3770 mirabile,
785 3684 906 3773 quare,

97 3795 222 3860 Omnia
233 3816 334 3878 quom
344 3814 455 3860 rerum
467 3793 649 3882 primordia
663 3793 728 3860 sint
746 3791 784 3859 in
799 3800 908 3876 motu,
