2550 4726
120 294 127 309 ’
166 328 237 411 aaa,
355 327 420 389 ns
446 328 637 390 neuun
664 329 879 391 aaroni
937 347 990 409 a.
1012 346 1076 410 797.

161 473 325 554 Tempore
338 491 377 532 eo
393 470 421 533 si
431 459 574 533 'odorata
586 481 645 552 est,
659 491 725 552 quo
739 481 905 534 menstrua
919 471 1028 534 solvit.
1111 518 1114 525 .

201 582 372 660 Multaque
385 589 553 661 praeterea
566 579 757 665 languentia
769 583 918 641 membra
932 600 994 662 per
1010 588 1091 644 artus

161 688 315 768 Solvunt‚
328 697 426 767 atque
439 685 584 750 animam
601 689 798 751 labefactant
809 688 941 752 sedibus
953 687 1051 755 intus.

200 792 371 875 Denique,
385 792 414 855 si
424 793 538 857 calidis
551 793 649 856 etiam
662 805 813 858 cunctere
823 795 965 859 lavacris

160 899 308 980 Plenior,
323 909 355 961 et
367 899 477 962 flueris
489 899 573 962 solio
587 899 744 962 ferventis
754 903 875 981 aquai,

160 1003 269 1084 Quam
279 1000 374 1064 facile
385 1002 422 1064 in
438 1002 548 1065 medio
559 1000 596 1064 fit
607 1002 656 1065 uti
670 1004 727 1065 des
736 1021 840 1084 saepe¹
851 999 989 1064 ruinas?

200 1106 454 1189 carbonumque
468 1103 577 1192 gravis
592 1108 642 1170 vis
657 1115 754 1188 atque
771 1108 855 1169 odor
868 1106 1069 1193 insinuatur¹

159 1214 268 1297 Quam
284 1210 382 1274 facile
395 1212 432 1275 in
443 1213 630 1293 cerebrum,
642 1211 706 1274 nisi
717 1231 837 1293 aquam
847 1210 1021 1294 praecepi-

641 1394 645 1402 ·
765 1319 947 1381 musaute?

157 1424 217 1504 at,
232 1441 333 1502 quom
350 1424 500 1485 membra
516 1423 633 1485 domus
646 1421 794 1504 percepit
807 1419 951 1502 fervida,
969 1419 1072 1484 nervis

156 1531 244 1592 Tum
260 1529 297 1593 fit
312 1532 395 1592 odor
409 1527 477 1592 vini
491 1530 608 1615 plagae
623 1526 806 1590 mactabilis
822 1526 935 1590 instar.

196 1637 314 1699 Nonne
329 1634 422 1697 vides
433 1635 554 1715 etiam,
571 1644 656 1697 terra
675 1653 806 1714 quoque
824 1635 932 1697 sulfur
945 1635 980 1696 in
990 1634 1058 1719 ipsa

156 1736 356 1822 Gignierlet
370 1747 472 1801 taetro
483 1758 691 1802 concrescere
711 1739 813 1800 odore
831 1737 1004 1800 bitumen?

154 1841 321 1925 Denique,
335 1842 393 1906 ubi
407 1842 535 1927 argenti
547 1862 647 1905 venas
663 1843 804 1924 aurique
817 1853 1021 1928 sequuntur,

97 1958 100 1967 ·
154 1945 270 2006 Terrai
282 1945 413 2027 penitus
428 1953 609 2008 scrutantes
621 1945 732 2009 abdita
748 1948 852 2025 ferr03

155 2047 289 2133 Qualeis
302 2047 428 2130 expiret
440 2049 646 2129 scaptensula
655 2051 766 2112 subter
781 2049 919 2112 odores?
1053 2052 1101 2115 au

195 2154 326 2240 Quidve
337 2153 417 2217 mali
432 2152 487 2236 fit,
502 2164 539 2218 ut
549 2156 701 2219 exhalent
712 2166 826 2219 aurata
840 2156 997 2220 metalla?

155 2263 248 2355 Quas
254 2261 428 2322 hominum
441 2261 582 2325 reddunt
592 2258 710 2323 facies?
722 2259 913 2341 qualeisque
927 2260 1070 2325 colores?

153 2367 273 2427 Nonne
282 2364 389 2445 vides,
406 2364 558 2444 audisve,
570 2362 681 2444 perire
691 2361 727 2424 in
738 2377 886 2444 tempore
897 2382 1004 2443 parvo

155 2469 262 2551 Quam
274 2469 415 2544 soleant;
432 2476 464 2528 et
477 2485 578 2546 quam
592 2463 672 2525 vitai
684 2462 780 2546 copia
794 2462 909 2544 desit„
963 2484 967 2501 i

155 2576 246 2656 Quos
257 2593 356 2654 opere
366 2573 403 2633 in
414 2571 471 2633 tali
487 2570 619 2632 cohibet
629 2570 679 2631 vis
693 2587 829 2654 magna,
842 2589 975 2633 necesse
990 2570 1057 2633 esti

152 2678 223 2742 Hos
239 2676 340 2765 igitur
358 2677 452 2738 tellus
466 2673 593 2735 omneis
604 2684 768 2735 exaestuat
780 2683 904 2754 aestus,

153 2784 367 2868 Exspiratque
383 2781 470 2844 foras
484 2779 644 2860 inaperta
659 2788 855 2860 promtaque
872 2777 968 2840 coeli.

193 2890 246 2952 Sic
261 2899 293 2951 et
302 2891 431 2950 Averna
442 2887 516 2947 loca
530 2881 663 2946 alitibus
676 2881 880 2944 summittere
894 2884 1017 2947 debent

151 2997 356 3060 Mortiferam
367 2993 450 3075 vim,
462 2995 503 3054 de
517 3003 603 3053 terra
615 3011 700 3071 quae
713 2989 816 3075 surgit
827 2991 862 3052 in
876 3010 990 3073 auras,

152 3103 197 3162 Ut
208 3101 351 3183 spatium
366 3099 451 3163 coeli
469 3100 612 3179 quadam
623 3098 664 3158 de
678 3106 770 3178 parte
783 3104 938 3158 venenet:

152 3207 229 3290 Quo
238 3206 337 3270 simul
348 3223 386 3266 ac
402 3204 548 3285 primum
564 3203 682 3284 pennis
700 3204 807 3265 delata
820 3201 862 3265 sit
871 3204 960 3286 ales,

151 3312 355 3394 Impediatur
367 3309 433 3391 ibi,
447 3330 544 3373 caeco
561 3320 717 3392 conrepta
726 3331 873 3392 veneno,

111 3410 113 3414 ⁴
152 3420 196 3482 Ut
210 3420 304 3482 cadat
316 3440 335 3480 e
349 3416 483 3504 regione
494 3415 577 3498 loci,
591 3437 656 3496 qua
668 3416 780 3504 dirigit
797 3428 916 3481 aestus:

152 3530 228 3610 Quo
246 3548 345 3609 quom
358 3527 487 3589 conruit
503 3528 584 3588 haec
604 3529 717 3589 eadem
728 3524 778 3588 vis
794 3525 883 3588 illius
895 3535 1017 3609 aestus,

151 3635 322 3716 Reliquias
335 3635 422 3699 vitae
433 3616 590 3698 membris
602 3655 641 3696 ex
656 3633 809 3696 omnibus
825 3633 942 3696 aufert.

154 3741 285 3826 Quippe
295 3743 531 3828 etenimprimo
541 3739 938 3824 quasiquendamconciet
948 3747 1080 3814 aestum3

733 4019 744 4055 t
