2550 4726
170 336 227 397 226
364 337 430 398 DE
459 338 647 401 RERUM
675 341 891 405 NATURA
959 359 1080 419 usar.

51 424 60 459 l

56 462 143 617 ‘ik’
164 473 303 553 Altaque
317 493 376 535 cur
390 475 586 592 plerumque
600 477 682 560 petit
693 480 781 558 loca3
796 481 940 564 plurima
951 504 1019 564 quo
1032 485 1099 567 plus

139 573 354 639 'Montibus
344 597 379 637 rn
395 576 531 641 summis
545 579 681 664 vestigia
693 582 858 647 cernimus
872 584 982 670 ignis?

203 668 302 767 Quod
315 692 474 765 superest,
488 684 585 749 facile
598 697 645 749 est
655 708 696 751 ex
706 687 757 750 his
771 709 969 776 cognoscere
982 694 1091 777 rebus,

95 784 108 835 Γ
161 789 326 874 nunqu
339 791 430 853 Graii
442 795 893 881 quosabrenominitarunt,

160 898 201 959 In
212 914 303 957 mare
312 915 378 974 qua
390 895 480 987 urissi
492 897 627 961 veniant
638 900 765 962 ratione
777 922 929 983 superne.

120 1072 123 1078 Ι
160 1003 244 1063 Nam
255 998 309 1082 fit,
321 1009 358 1063 ut
368 997 550 1081 interdum,
568 1011 725 1081 tanquam
739 1003 880 1067 demissa
896 1005 1067 1086 columna,

158 1109 199 1171 In
210 1128 301 1171 mare
313 1108 353 1169 de
367 1107 460 1170 coelo
472 1108 686 1187 descendant3
698 1129 798 1190 quam
808 1109 892 1172 freta
909 1109 1034 1173 circum

157 1218 366 1299 Fer-vescum,
382 1215 526 1303 graviter
536 1215 736 1300 spirantibus
750 1215 851 1279 incita
866 1216 995 1281 flabris:

157 1323 210 1403 Et,
226 1321 487 1403 quaeeunquein
502 1342 541 1384 eo
558 1331 630 1386 tum
642 1331 718 1385 sunt
731 1323 891 1403 deprensa
902 1321 1060 1404 tumultu,
1096 1394 1098 1399 ‚

99 1464 102 1471 -
155 1421 295 1510 Navigia
307 1422 344 1484 in
355 1442 523 1485 summum
535 1420 672 1484 veniunt
682 1431 797 1485 vexata
811 1419 991 1503 periclum,

155 1532 228 1593 Hoc
237 1529 290 1608 fit,
303 1529 363 1593 ubi
371 1530 539 1592 interdurn
550 1549 619 1591 non
629 1527 701 1609 quit
709 1527 759 1591 vis
768 1527 870 1591 incita
879 1529 975 1592 venti

154 1641 338 1722 Rumpere,
354 1661 454 1720 quam
467 1638 569 1723 cepit,
583 1642 721 1718 nubem3
730 1641 789 1705 sed
799 1640 972 1722 deprimit,
985 1637 1066 1705 u'tsit
1114 1663 1117 1668 ’

153 1746 193 1805 In
209 1763 302 1804 mare
311 1745 352 1805 de
365 1745 458 1806 coelo
472 1753 630 1824 tanquam
645 1745 785 1807 demissa
796 1747 953 1809 columna

95 1860 120 1917 t
152 1849 340 1926 Paullatim3
356 1869 449 1930 quast
438 1847 538 1930 qu1d
549 1869 663 1936 pugno
679 1848 872 1929 brachiique
881 1871 1025 1932 superne

111 1960 117 1995 ³
111 1920 308 2020 coniectu
323 1958 491 2033 trudatur,
502 1965 534 2018 et
544 1956 757 2018 extendatur
746 1979 783 2018 m
799 1959 921 2020 undas·
1048 1955 1096 2034 435

152 2064 262 2146 Quam
273 2081 375 2142 quom
386 2059 531 2141 discidit,
543 2059 621 2122 hmo
630 2061 906 2144 prorumpiturrn
918 2058 1097 2127 mareventi

91 2196 94 2201 ·
151 2169 225 2252 vis,
240 2169 449 2231 etfervorem
464 2166 587 2243 mirum
598 2165 771 2233 concinnat
782 2167 818 2229 in
828 2165 938 2230 undis.
1012 2216 1015 2221 .
1058 2174 1060 2178 ’

150 2273 388 2335 Vorsahundus
398 2267 488 2331 enim
500 2271 596 2331 turbo
609 2267 794 2347 descendit,
807 2277 839 2328 et
851 2267 948 2330 illam

150 2375 291 2438 Deducit
301 2375 424 2456 pariter
434 2374 524 2435 lento
537 2392 612 2433 cum
626 2390 764 2453 corpore
777 2373 916 2432 nubemz

111 2499 116 2511 ⁴
150 2481 259 2560 Quam
274 2478 373 2541 simul
382 2498 421 2540 ac
431 2474 603 2562 gravidam
612 2475 757 2537 detrudit
767 2476 810 2536 ad
820 2493 967 2556 aequora
975 2474 1077 2558 ponti,

149 2583 209 2643 Ille
220 2583 256 2642 in
271 2601 391 2660 aquam
402 2582 512 2642 subito
528 2590 633 2644 totum
644 2603 679 2645 se
693 2581 857 2664 immittit,
874 2591 907 2644 ct
918 2602 1020 2646 omne

148 2683 276 2747 Excitat
284 2680 410 2766 ingenti
418 2680 526 2742 sonitu
537 2700 642 2762 mare,
657 2683 784 2745 fervere
794 2703 925 2769 cogens.

189 2786 239 2850 Fit
251 2806 400 2866 quoque,
416 2796 452 2846 ut
463 2784 612 2847 involvat
620 2785 711 2847 venti
723 2806 757 2847 se
767 2785 912 2850 nubibus
925 2785 995 2874 ipse

149 2893 287 2972 Vortex,
308 2891 490 2952 conradens
503 2908 544 2950 ex
557 2891 633 2949 aiire
643 2887 770 2949 semina
784 2887 899 2970 nubis,

147 3002 187 3062 Et
201 2998 294 3081 quasi
307 2999 484 3061 demissum
497 2997 590 3059 coelo
607 3005 753 3077 prestera
765 2995 923 3059 imitetur.

126 3166 129 3172 ,
147 3097 228 3182 Hic,
245 3101 304 3164 ubi
319 3100 398 3163 sein
409 3111 509 3163 terras
519 3099 664 3162 demissit
678 3099 907 3181 dissolvitque,

146 3201 301 3266 Turbinis
310 3201 490 3265 immanem
502 3202 568 3263 vim
583 3201 764 3284 provomit,
779 3211 877 3282 atque
890 3208 1054 3286 procellat.

146 3314 225 3392 Sed,
236 3309 314 3390 quia
324 3309 361 3371 fit
375 3329 451 3372 raro
462 3310 615 3388 omnine,
631 3309 835 3388 monteisque
849 3330 980 3376 necesse
992 3321 1038 3375 est

147 3411 287 3477 Officere
296 3411 334 3474 in
349 3412 457 3491 terris,
470 3421 606 3494 apparet
618 3411 763 3474 crebrius
775 3411 865 3475 idem

145 3522 320 3602 Prospectu
334 3519 433 3581 maris
445 3518 482 3580 in
497 3536 637 3602 magno,
653 3516 810 3596 coeloque
823 3517 960 3599 patenti.

185 3626 306 3689 Nubila
318 3633 546 3709 concrescunt,
557 3622 614 3687 ubi
629 3641 766 3705 corpora
780 3624 886 3714 multa
895 3626 1050 3706 volando,

143 3730 217 3795 Hoc
228 3753 326 3816 super
336 3733 373 3796 in
386 3732 470 3796 coeli
482 3730 610 3815 spatio,
618 3729 725 3793 coiere
734 3739 869 3812 repente
