2550 4726
345 111 595 183 ,erres
632 96 873 197 nuent.-
1071 123 1112 205 ⁸⁷

152 253 256 334 quue
263 252 364 319 situm
377 253 489 319 media
502 254 640 344 regione
653 252 690 319 in
702 254 845 338 pectoris
861 255 985 325 breed.
1099 286 1106 305 ⁴

152 351 215 425 Hic
227 360 368 423 exsultat
383 359 473 425 enim
481 379 587 444 pavor
594 379 635 445 ac
647 370 771 439 metus;
780 362 1083 433 haeelooacircum

151 464 309 530 Laetitiae
319 466 481 531 mulcent:
499 454 558 530 hic
573 486 654 553 ergo
668 488 764 533 mens
777 467 973 552 animusque
980 483 1042 543 eat.

153 576 268 636 Cetera
280 593 358 657 pars
372 573 522 654 ammae,
542 593 603 654 per
614 581 719 637 totum
731 571 844 639 dissita
853 595 972 659 corpus
980 622 992 659 ,

152 680 265 761 Paret,
278 679 362 743 etad
376 697 503 741 numen
514 675 635 743 mentis
648 698 850 769 mmnenqup
859 691 1030 747 movetur:

152 783 257 863 quue
272 780 339 846 sibi
353 782 463 845 solum
474 801 534 864 per
545 801 583 845 se
594 780 696 867 sapit,
711 791 744 845 et
754 781 819 848 sibi
831 787 971 871 gaudet,

154 889 264 972 Quom
274 904 383 966 neque
393 904 445 950 res
457 882 604 957 animant
612 931 625 969 ,
637 896 746 967 neque
755 906 889 972 corpus,
904 895 1094 955 commouet

685 1016 764 1059 una.
1031 978 1035 991 ι

154 1098 192 1161 Et
202 1099 298 1180 quasi
307 1120 410 1182 quoin
420 1109 536 1185 caput,
551 1109 608 1163 aut
620 1100 757 1183 oculus,
767 1108 911 1165 tentante
922 1104 1070 1188 (lolem.

153 1205 309 1271 Laeditur
322 1207 361 1271 in
371 1206 486 1290 nobis,
500 1227 569 1271 non
582 1204 675 1270 omni
689 1207 941 1273 concruciamur

155 1315 319 1396 Corpore:
333 1315 381 1380 sic
396 1315 527 1383 animus
538 1315 939 1396 nonuunquamlaeditur
951 1314 1043 1401 ipsc,
1103 1356 1106 1361 -

154 1416 358 1499 laetitiaque
367 1419 474 1505 viget,
488 1439 592 1502 quoin
604 1429 713 1483 cetera
726 1437 805 1501 pars
816 1418 943 1485 animai
992 1474 995 1479 .

153 1526 215 1589 Per
228 1528 379 1589 membra
393 1535 494 1609 atque
508 1534 598 1591 artus
611 1526 705 1589 nulle
717 1522 863 1590 novitate
874 1524 991 1589 cietur.

152 1617 554 1709 Vemm'ubivdrementi
564 1627 668 1715 magis
677 1639 900 1694 estcommuta
910 1638 1001 1694 metu
1010 1649 1115 1715 mens,

153 1733 348 1798 Consentire
355 1733 504 1799 animam
521 1744 623 1796 totam
635 1755 694 1816 per
705 1737 856 1799 membra
864 1735 1033 1804 videmus:
1070 1762 1086 1775 ··
1102 1784 1109 1799 ,

150 1839 362 1918 sudoresque
369 1837 435 1917 ita,
445 1838 671 1917 palloremque
684 1836 839 1901 exsistere
854 1847 923 1902 toto
1059 1839 1114 1906 155

153 1946 323 2025 Corpore²
338 1952 371 2006 et
383 1940 524 2027 nffitngi
540 1941 708 2028 linguam,
721 1961 904 2024 vocemque
920 1942 1063 2026 aboriri,

154 2050 311 2136 Caligare
323 2050 456 2131 oculos,
474 2068 592 2115 sonem
608 2049 735 2133 aureis,
749 2051 920 2117 succidere
927 2064 1027 2118 arms

186 2153 345 2234 Denique
360 2153 535 2227 concidere
548 2175 591 2219 ex
604 2153 710 2219 enimi
722 2165 848 2223 terrore
864 2159 1017 2237 uidemus
1057 2204 1061 2209 -

153 2261 257 2342 Saepe
266 2257 440 2325 hominen:
450 2257 548 2323 facile
558 2267 596 2322 ut
605 2259 717 2340 quivis
726 2261 809 2327 hinc
821 2283 956 2330 noscere
966 2266 1087 2350 possit,

152 2366 229 2430 Esse
242 2363 480 2453 animamoum
488 2363 603 2432 auimo
614 2364 841 2449 coniunctam
855 2389 957 2455 quae,
975 2390 1079 2453 prom

187 2542 189 2547 .
390 2540 394 2546 ,
615 2520 631 2537 ..
664 2471 835 2545 animiri

152 2582 311 2644 Percussa
323 2579 481 2663 est-,exin
495 2600 616 2663 eorpus
627 2580 804 2663 propellit,
820 2588 853 2644 et
869 2579 939 2642 icit.
976 2636 979 2641 .
1017 2662 1020 2667 Ι
1101 2600 1104 2607 ·

194 2688 287 2750 Haec
300 2688 414 2749 eadem
430 2685 514 2748 ratio
527 2696 682 2749 naturam
694 2681 799 2746 animi
812 2693 910 2763 atque
924 2683 1049 2749 animai
1068 2728 1074 2735 -

154 2796 363 2877 Corporeanr
371 2794 468 2855 docet
476 2812 561 2856 esse:
578 2790 639 2853 ubi
650 2789 935 2871 euimpropellere
946 2796 1115 2874 membra,
1177 2825 1179 2830 ·

154 2882 386 2980 Conripereex
394 2914 514 2959 somno
525 2905 659 2977 corpus,
672 2901 867 2973 mutareque
879 2894 1024 2975 toltum,

153 3000 440 3084 Atquelrominem
453 3010 559 3064 totum
568 3016 734 3086 regerere
748 3016 881 3083 norme
893 2997 1045 3064 videtur:

153 3107 330 3194 (Quorum
339 3106 389 3171 nil
404 3104 479 3169 fieri
492 3104 564 3168 siue
581 3112 669 3167 tactu
686 3122 784 3187 posse
795 3102 964 3181 uidemus3
1046 3160 1048 3165 ,

154 3217 224 3280 Nee
234 3223 356 3279 tactum
366 3211 549 3297 porrosiue
559 3210 740 3296 corpcre3)
749 3230 860 3275 nonne
869 3211 1039 3273 fatendum
1047 3219 1113 3295 cst,

153 3325 324 3406 corporea
335 3330 454 3385 natura
462 3317 613 3382 animum
625 3315 1032 3398 consternatorumque?

196 3428 370 3488 Praeterea
380 3421 504 3506 pariter
516 3417 613 3503 fungj
624 3438 701 3481 cum
713 3436 865 3499 corpore,
883 3425 994 3483 etune

156 3527 351 3595 Consentire
360 3525 511 3613 aninum
525 3522 623 3623 uoltis
633 3521 671 3591 in
685 3541 824 3610 corpore
840 3521 958 3593 cernis.

1010 3633 1030 3669 ἃ

183 3700 192 3739 l
