2550 4726
322 332 592 395 LIBERI.
633 336 762 410 aaa.
961 341 1024 433 ¹25
1096 366 1106 389 ·.

66 473 203 538 destiter
215 473 300 562 ἰςιιίε
313 475 360 538 nti
371 477 485 538 lumen
502 474 593 557 iacit,
613 487 711 560 atque
721 497 894 562 vaporem,

66 582 105 644 Ut
122 580 237 644 videas
250 591 349 643 none
364 581 489 663 stipatis
503 584 652 669 partibus
669 604 748 646 ease.

101 689 203 771 Quod
216 686 243 750 si
257 688 341 751 forte
356 689 428 750 ulla
445 691 582 752 eredunt
601 690 873 773 ratione'potcosc

61 792 173 878 igneis
186 793 224 855 in
236 803 329 855 coetu
342 793 482 878 stingui,
497 805 691 875 mutareque
704 812 842 879 corpus;

10 964 12 971 ,
62 897 194 961 Scilicet
209 919 250 961 ex
266 901 361 962 nulla
375 901 486 963 facere
501 901 537 964 id
556 901 583 964 si
596 914 690 985 parte
705 912 890 986 reparc'cnt,

10 1020 12 1035 ¹
61 1000 200 1064 Occidet
215 1004 418 1072 adnihilant
435 1004 595 1068 nimirum
612 1006 761 1071 funditus
777 1009 877 1069 ardor

61 1105 197 1188 Omnis,
210 1117 292 1171 etex
303 1109 412 1172 nihilo
425 1107 507 1173 fient
522 1094 738 1193 quaecunque
755 1125 919 1181 creantur.

59 1214 146 1277 Nam
157 1213 454 1296 quodcunquecuis
465 1225 627 1279 mutatum
638 1216 761 1282 finibus
775 1219 855 1301 enit,
896 1219 901 1233 '

59 1318 229 1381 Continuo
238 1321 303 1382 hoe
314 1329 464 1384 moreest
480 1321 589 1404 illius,
606 1323 697 1401 quod
711 1320 774 1384 fuit
786 1333 881 1402 ante,

58 1420 206 1483 Proinde
218 1420 346 1503 aliquid
356 1440 512 1506 superare
525 1445 656 1488 necesse
667 1434 716 1487 eat
725 1423 893 1490 incolume
906 1425 1001 1509 ollio,

58 1525 110 1588 Ne
123 1525 184 1588 tibi
199 1547 250 1591 res
262 1530 398 1592 redeant
409 1532 454 1593 ad
467 1530 575 1593 nilum
588 1528 735 1593 funditus
752 1548 885 1611 omncs,

58 1630 110 1691 De
122 1628 294 1711 nihiloque
307 1642 421 1697 renata
432 1631 571 1697 virescat
585 1629 820 1713 copia'rerum.

99 1739 197 1800 Nunc
207 1737 323 1823 igitur,
336 1737 494 1818 quoniam
509 1733 687 1801 certissima
696 1751 838 1816 corpora
857 1732 1022 1833 quaedam

58 1841 162 1922 Sunt,
178 1861 263 1922 quae
274 1852 469 1908 conservant
478 1850 631 1905 naturam
644 1859 774 1923 semper
785 1840 940 1920 eandem,

58 1949 213 2031 Quorum
223 1947 332 2030 abitu,
344 1957 402 2009 aut
410 1945 519 2028 aditu,
533 1955 727 2024 mutatoque
737 1942 873 2024 ordine,
891 1949 1023 2008 mutant
1050 1986 1058 2002 .

55 2051 220 2114 Naturam
233 2071 301 2132 res,
319 2038 559 2113 etconrortunt
571 2068 711 2132 corpora
724 2069 812 2126 sesc3
960 2053 1021 2133 679

58 2156 149 2219 Scire
161 2155 258 2236 licet,
274 2175 345 2219 non
359 2175 428 2220 esce
442 2157 525 2219 haec
537 2154 634 2241 ignea
649 2173 928 2235 corporatorum.
1022 2184 1025 2189 ,

57 2262 113 2324 Nil
122 2262 262 2326 referret
275 2260 383 2343 enim,
397 2262 562 2351 quaedam
579 2261 752 2338 decedere,
767 2257 878 2339 abne,

57 2373 165 2452 Atque
179 2369 245 2434 alio
258 2370 406 2452 attribui,
422 2367 612 2450 mutarique
625 2367 955 2451 ordine„quaedam,

57 2475 93 2537 Si
102 2485 214 2538 tamen
228 2474 353 2539 ardoris
367 2483 519 2539 namnam
536 2482 656 2537 cuncta
673 2482 839 2538 tenerent:
876 2526 879 2532 .

57 2580 150 2667 Ignis
159 2579 248 2643 enirn
257 2582 341 2644 foret
353 2580 567 2661 omnimodis,
586 2581 807 2661 quodcunque
822 2588 958 2673 crearet.

58 2687 200 2768 Verum,
211 2697 248 2750 ut
257 2685 392 2770 opinor,
404 2686 451 2750 ita
461 2698 525 2750 est:
538 2698 614 2751 sunt
624 2688 787 2767 quaedam
798 2706 954 2771 corpora,

582 2813 725 2874 quorum

59 2890 262 2977 concursus,
284 2907 411 2977 motus,
424 2898 523 2977 ordo,
538 2895 701 2978 positura,
710 2893 855 2978 figurae,

56 2997 213 3065 Efficiunt
226 3000 347 3088 ignei&
360 3010 551 3081 mutatoque
567 2999 684 3063 ordine
696 3008 826 3061 mutant
889 3022 894 3029 ’

57 3103 233 3183 Naturam3
248 3126 355 3186 neque
365 3116 442 3175 suut
453 3103 525 3190 igni
535 3104 705 3184 simulata,
722 3122 831 3182 neque
848 3102 940 3168 ullae

58 3209 231 3273 Praeterea
244 3210 306 3292 rei,
319 3231 405 3290 quae
417 3229 556 3292 corpora
567 3206 696 3277 mittere
706 3207 808 3290 possit

58 3314 233 3398 Sensibus,
248 3326 280 3379 et
295 3327 424 3381 nostros
433 3315 563 3379 adiectu
578 3325 709 3401 tangere
727 3321 839 3378 tactus.

99 3422 216 3514 Dicere
225 3443 326 3506 porro
337 3423 450 3509 ignem
460 3443 511 3486 res
521 3421 648 3487 omneis
660 3441 745 3503 ease,
755 3440 865 3500 neque
871 3417 978 3485 ullam

58 3530 144 3592 Rern
155 3551 270 3595 veram
281 3531 318 3594 in
330 3551 470 3604 numero
483 3551 594 3595 rerum
607 3539 773 3611 constare,
784 3525 848 3592 nisi
859 3526 988 3615 iguem,

59 3636 248 3722 Quodfaoit
258 3638 313 3702 hic
327 3636 432 3719 idem,
447 3635 648 3720 perdelirum
665 3656 733 3701 esce
745 3633 885 3697 videtur.
912 3672 918 3691 ι
952 3650 954 3654 ’
1041 3649 1044 3655 ·

56 3746 142 3807 Nam
159 3755 275 3809 contra
291 3765 405 3813 sensus
417 3748 461 3809 ab
474 3746 622 3815 sentibus
639 3746 709 3828 ipre
719 3751 896 3832 repugnat,
985 3742 987 3747 ’
