2550 4726
148 130 207 191 nn
348 114 413 176 or
438 110 633 181 usuum
660 107 878 175 uerunt
938 124 972 166 v.
994 108 1061 185 ⁶74.

147 260 231 319 Nam
244 254 273 321 si
286 262 455 341 tantopere
471 262 523 317 est
534 249 639 315 animi
654 257 779 314 mutata
795 256 956 332 potestas,

148 360 267 425 Omnis
277 369 314 423 ut
325 368 473 423 autumn
486 358 646 423 exciderit
659 355 834 419 retinentia
849 376 978 433 rerum,

146 468 287 551 Non,trt
304 467 442 552 opinor,
460 468 496 531 id
510 467 631 529 ableto
647 464 714 526 iam
730 463 874 548 longiter
885 470 985 525 errat.

148 574 358 661 Quapropter
372 577 495 641 fateare
510 593 641 637 neeesse
653 583 718 652 est,
735 590 819 651 quae
830 569 893 633 luit
906 576 1001 649 aute,

147 683 330 758 Interiisse3
344 692 392 763 et,
402 702 487 763 quae
500 702 589 743 nunc
603 689 670 758 est,
682 697 774 739 nunc
786 696 855 741 esse
870 683 1029 737 creatam.

186 791 376 869 Praeterea,
393 786 439 868 si,
452 787 520 849 iam
532 784 676 868 perfecto
694 801 850 866 corpore,
860 780 958 843 nobis

147 895 266 959 Inferri
281 896 379 959 solita
393 904 441 958 est
459 892 563 957 animi
577 892 687 953 vivata
700 898 860 975 potestas,

148 999 235 1061 Tum
250 1018 351 1080 quom
361 996 549 1085 gignimur,
561 1006 593 1058 et
605 995 692 1058 vitae
705 1013 808 1075 quom
821 990 925 1055 limen
935 987 1083 1069 inimus,

147 1104 247 1166 Haud
259 1101 308 1165 ita
321 1102 555 1182 conveniebat,
567 1101 618 1164 uti
634 1123 710 1165 cum
723 1118 861 1182 corpore
872 1107 904 1159 et
918 1113 989 1159 una

147 1206 233 1269 Cum
251 1206 409 1279 membris
421 1206 572 1269 videatur
585 1205 623 1269 iu
636 1205 709 1289 ipso
727 1201 889 1289 sanguine
898 1220 1034 1265 cresse:-

146 1311 225 1393 Sed,
239 1313 330 1377 velut
346 1312 383 1377 in
397 1331 516 1393 cavea,
530 1332 591 1393 per
605 1332 639 1373 se
653 1310 718 1373 sihi
730 1309 842 1371 vivere
861 1308 969 1371 solam

148 1413 328 1494 Convenit,
345 1422 382 1474 ut
397 1432 495 1475 sensu
512 1432 633 1494 corpus
650 1421 762 1475 tamen
779 1409 891 1486 affluat
902 1428 1019 1471 omne.

130 1530 134 1543 “
149 1516 261 1598 Quare
272 1514 372 1577 etiam
381 1521 480 1595 atque
492 1512 592 1577 etiarn
609 1534 717 1597 neque
735 1510 872 1599 originis
890 1532 959 1575 esse
973 1520 1095 1594 putan-

624 1660 628 1667 ·
684 1621 765 1685 dum
779 1630 826 1683 est

149 1724 319 1808 Experteis
332 1724 474 1808 animas,
491 1747 554 1789 nee
567 1725 626 1791 leti
643 1727 716 1811 lege
732 1726 867 1788 solutas.
887 1754 891 1761 ·
1055 1726 1112 1806 687

150 1832 234 1893 Nam
246 1851 353 1914 neque
363 1839 533 1915 tantopere
549 1829 682 1892 annecti
694 1828 838 1911 potuisse
847 1828 1097 1911 putandumst

150 1934 353 2016 Corporibus
367 1934 504 2017 nostris,
519 1932 721 2019 extrinsecus
731 1930 929 2008 insinuatas,

97 2041 100 2044 ’
149 2036 271 2122 (Quod
281 2035 353 2101 fieri
368 2047 473 2101 totum
482 2048 596 2101 contra
614 2036 786 2099 manifesta
799 2038 895 2099 docet
914 2056 966 2099 res
979 2057 989 2099 t

150 2144 301 2223 Namque
314 2140 360 2206 ita
377 2162 526 2205 connexa
538 2150 584 2203 est
594 2161 654 2222 per
669 2159 788 2221 venas,
798 2139 942 2222 viscera,
960 2160 1104 2225 nervos,

152 2233 316 2333 Ossaque,
331 2250 381 2315 uti
393 2253 508 2317 dentes
518 2270 651 2333 quoque
664 2256 761 2311 sensu
773 2247 1039 2332 participentur,

149 2357 288 2418 Morbus
297 2364 336 2417 ut
345 2355 486 2434 indicat,
504 2365 537 2418 et
550 2353 673 2438 gelidai
687 2353 831 2440 stringor
842 2356 956 2435 aquai,
987 2386 991 2393 ·
1011 2382 1014 2387 ¹
1102 2394 1107 2403 ·

152 2452 291 2537 Et'lapis
301 2474 476 2537 oppressus
488 2454 605 2519 subitis
623 2477 642 2517 e
656 2450 809 2540 frugibus
825 2454 962 2538 asper3)
1098 2438 1109 2447 “

152 2563 238 2642 Nec,
255 2568 321 2622 tam
333 2566 503 2622 contextae
513 2578 614 2640 quom
626 2557 708 2641 sint,
723 2557 814 2623 exire
827 2560 984 2623 videntur

150 2665 340 2727 Incolumes
356 2681 469 2746 posse,
486 2672 518 2726 et
530 2664 637 2727 salvas
655 2665 823 2729 exsolvere
835 2661 914 2729 sese-

154 2770 349 2835 Omnibuse
366 2771 493 2854 nervis,
513 2781 610 2853 atque
623 2773 766 2855 ossibus,
785 2772 1007 2854 articulisque.

197 2883 298 2966 Quod
312 2881 341 2945 si
353 2882 438 2944 forte
453 2891 566 2964 putas,
585 2882 784 2945 extrinsecus
797 2880 1000 2949 insinuatam

125 2992 128 2997 ’
154 2994 353 3057 Permanere
373 2980 520 3053 animuin
539 2991 634 3053 nobis
650 2990 710 3074 per
728 2995 878 3055 membra
897 2995 1020 3072 solere3

153 3100 263 3161 Tanto
275 3095 419 3178 quoique
430 3096 550 3182 magis,
567 3112 643 3160 eum
659 3119 798 3183 corpore
812 3101 897 3179 fusa,
917 3101 1053 3183 peribit.

155 3205 255 3290 Quod
264 3213 438 3288 permanat
449 3204 556 3287 enim,
573 3205 780 3273 dissolvitur:
796 3209 909 3272 interit
920 3230 1013 3297 ergo.

153 3311 431 3401 Dispertita‘e'rgo
447 3333 509 3398 per
520 3313 629 3379 caulas
647 3314 793 3398 corporis
807 3317 954 3399 omneis,

155 3420 201 3481 Ut
215 3419 305 3484 cibus
320 3418 356 3483 in
370 3423 520 3485 membra
531 3432 630 3505 atque
642 3434 732 3488 anus
748 3447 824 3490 eum
836 3426 962 3489 diditur
975 3428 1121 3510 omneis,

157 3518 318 3606 Disponit,
333 3532 431 3607 atque
442 3524 545 3597 aliam
554 3535 707 3589 naturam
720 3524 839 3594 sufficit
849 3548 890 3591 ex
898 3548 953 3608 se,
