2572 4732
164 349 204 415 74
369 328 438 392 DE
464 328 654 402 RERUM
683 324 894 407 NATURA
933 347 966 391 v.
989 331 1078 395 1005»
1105 352 1120 408 *t

161 474 227 534 Res
235 470 282 535 ita
289 475 484 534 convortam
491 467 628 548 formae,
643 473 837 548 mutentque
848 468 991 553 coloreo,

160 580 203 642 Et
213 577 344 662 capiant
356 593 469 642 aenan-t
473 620 485 658 ,
498 582 531 636 et
537 581 660 657 puncto
675 581 823 657 tempore
833 575 989 657 reddauu

104 675 106 680 ⁵
160 689 206 751 Ut
218 705 331 750 noscas
347 683 486 763 referre,
501 682 617 744 eadem
629 679 814 762 primordia
825 702 939 745 rerum
1016 722 1019 730 ·

161 795 246 856 Cum
263 790 401 872 quidue,
417 797 450 850 et
465 785 560 867 quali
573 785 738 870 potitura,
750 786 999 874 contineantur,
1119 848 1123 852 .

160 893 387 978 thuouinter
401 912 437 957 te
454 891 533 953 dent
550 900 677 973 motus,
696 889 944 975 accipiantque:

159 998 250 1061 Neve
266 1003 360 1079 putee
367 1004 501 1059 aeterna
513 1015 634 1079 parum
645 995 789 1076 residere
802 1009 928 1080 potesse

161 1100 310 1180 Corpora
318 1097 441 1181 prima,
453 1098 737 1182 quodiusummia
748 1100 876 1167 uuiure
885 1102 1041 1173 videmur
1120 1124 1124 1129 ·

160 1205 290 1285 liebus,
305 1221 337 1267 et
351 1203 519 1269 interdum
534 1203 643 1288 nasei,
659 1203 835 1287 cubitoque
846 1206 979 1291 ‚periret
1092 1254 1098 1267 .
1115 1258 1123 1281 ,

161 1310 253 1396 Quin
265 1310 364 1375 etiam
374 1310 474 1374 refert
491 1309 659 1377 nostruin
674 1311 824 1377 vereihue
836 1312 936 1398 iptio,

103 1448 108 1456 ·
161 1421 246 1481 Cum
256 1417 390 1499 quibus,
407 1428 441 1483 et
456 1419 550 1500 quali
565 1419 631 1484 sint
644 1421 764 1487 ordine
777 1442 930 1506 quaeque
942 1427 1064 1491 locata.

160 1526 311 1604 Namque
321 1525 436 1587 eadem
443 1525 589 1604 coelum,
600 1544 707 1607 mare,
720 1535 837 1608 terme,
848 1527 1123 1611 neminemnam

159 1625 369 1712 Significant;
382 1629 500 1690 eadem
511 1627 639 1712 fruges,
655 1628 802 1710 ubuum,
815 1627 1030 1699 animanteiae

161 1734 196 1796 Si
209 1753 277 1796 non
286 1730 399 1795 omnia
408 1729 491 1811 nint,
500 1740 535 1793 at
545 1733 652 1795 multo
662 1749 819 1796 maxuma
830 1754 906 1818 pare
917 1744 967 1800 eet
1087 1792 1089 1797 ,

162 1838 366 1907 Consimilis:
385 1859 503 1902 verum
513 1837 661 1922 positura
673 1839 887 1924 ditcrepitant
901 1864 965 1911 reo·

162 1948 217 2013 Sic
233 1948 313 2032 ipsis
327 1948 364 2012 in
379 1950 478 2013 mbus
488 1946 569 2011 item
584 1947 653 2011 iem
665 1947 839 2032 materiai,
961 2031 964 2038 Ι

160 2059 355 2140 Intervalla,
369 2057 459 2139 viae,
476 2075 657 2141 connexuq,
674 2059 838 2142 pondera,
850 2061 983 2148 plagae,
1041 2079 1121 2129 noan

162 2168 364 2248 Concursus,
378 2176 502 2247 motus,
511 2161 595 2228 ordo
603 2209 614 2247 ,
629 2164 789 2249 potitura,
801 2164 928 2253 figurae

162 2277 274 2359 Quom
282 2284 527 2358 permutantur,
545 2272 668 2335 mutari
678 2293 729 2335 res
740 2292 874 2354 quoque
887 2275 1021 2341 debent.

203 2380 299 2441 Nunc
310 2376 461 2441 animum
475 2377 571 2452 nohis
584 2377 706 2441 adhibe
717 2398 832 2442 veram
844 2381 888 2442 ad
902 2381 1079 2449 rationem·

162 2485 248 2546 Nam
266 2482 328 2547 tibi
340 2485 553 2549 vehementer
565 2503 653 2548 nova
666 2505 720 2549 res
733 2484 871 2548 molitur
880 2485 1046 2550 adaerere

163 2588 333 2670 Accidere,
346 2600 378 2652 et
389 2610 476 2655 nova
486 2612 520 2655 ee
530 2592 654 2673 species
663 2593 836 2655 ostendere
844 2590 968 2656 reruni.

164 2697 229 2758 Sed
240 2715 349 2776 neque
360 2704 427 2757 tam
442 2695 548 2759 facilis
564 2717 615 2759 res
629 2698 699 2759 ulla
713 2706 776 2779 est,
788 2696 871 2778 quin
883 2717 923 2760 ea
932 2696 1079 2780 primurn

163 2796 316 2866 Difficil'n
329 2801 435 2890 magis
446 2803 490 2866 ad
503 2802 708 2865 credundum
724 2810 867 2880 constet3
886 2801 1033 2885 itemque

163 2890 321 2979 Νὼιᾶευ
334 2930 511 2997 magnum,
522 2921 590 2974 ‚neo
605 2918 672 2972 tam
687 2908 842 2973 mirabile
853 2908 1053 2995 quidquam,

165 3021 346 3106 Quodnou
357 3017 531 3102 paullatim
546 3017 700 3081 minuent
713 3017 864 3081 mirarier
875 3034 1000 3082 omncs.

74 3137 77 3146 ·
204 3121 374 3204 Principio
390 3120 475 3184 coeli
487 3121 615 3183 clarum
627 3115 814 3202 purumque
835 3120 1002 3203 colorem,

165 3228 339 3310 Quemque
349 3225 387 3287 iu
398 3245 432 3288 se
445 3225 598 3288 cohibent
608 3222 756 3306 palantia
769 3224 878 3287 sidera
890 3224 1033 3307 paneim,

165 3332 377 3409 Lunamque,
388 3339 420 3391 et
433 3326 512 3392 solia
521 3327 691 3410 praeclara
704 3326 779 3388 luce
794 3326 953 3393 nitorem

166 3434 290 3499 Omnia
296 3453 383 3516 qnae
393 3455 483 3497 nunc
493 3431 524 3495 ei
538 3430 684 3515 primum
699 3431 894 3498 mortalibus
906 3438 1030 3515 essent,

34 3555 39 3565 ·
165 3544 215 3605 Ex
230 3541 410 3626 improviso
422 3561 481 3604 ceu
494 3538 560 3604 tint
575 3537 703 3603 obiecta
715 3545 881 3623 repent'e3v

167 3647 258 3731 Quid
270 3645 374 3734 magis
390 3644 441 3710 hie
451 3646 550 3710 rebus
559 3653 688 3727 poterat
704 3643 855 3708 mirabile
868 3642 954 3726 dici,

118 3796 120 3801 -
167 3754 232 3815 Aut
242 3752 352 3818 mium
361 3762 437 3818 ante
453 3753 544 3835 quod
557 3749 719 3835 auderent
727 3751 799 3817 iore
809 3752 941 3817 medere
949 3751 1086 3839 genter?
