2550 4726
328 289 760 423 mersurum.
982 361 1019 426 ²7

62 480 160 562 Quae
171 496 274 560 quom
289 496 409 564 magna
423 478 656 543 modismultis
668 482 821 546 miranda
839 483 970 547 videtur
1019 558 1023 565 ,

63 579 228 643 Gentibus
241 581 393 643 humanis
407 582 517 667 regio,
537 581 742 665 visundaque
755 586 876 669 fertur,

63 685 177 746 Rebus
192 681 303 765 opima
315 682 429 766 honis,
449 688 554 747 multa
569 686 695 749 munita
714 689 823 751 virdm
835 690 889 753 vis

63 788 119 848 Nil
135 798 246 849 tamen
258 789 320 848 hoc
330 789 484 851 hahuisse
497 789 569 852 viro
582 791 781 872 praeclarius
796 793 832 856 in
847 816 899 877 se,

63 898 131 959 Nec
142 906 291 958 sanctum
305 896 426 981 magis,
438 907 470 960 et
479 898 619 982 mirum,
639 903 987 985 ea1·umque,videtur.

65 1006 222 1069 Carmina
232 1005 313 1086 quin
326 1007 426 1071 etiam
442 1007 548 1070 divini
565 1009 705 1091 pectoris
722 1009 792 1073 eius

62 1115 314 1195 vociferantur,
336 1125 368 1176 et
382 1124 552 1197 exponunt
560 1116 728 1198 praeclara
739 1125 888 1200 repertu

63 1220 107 1279 Ut
125 1218 181 1279 vix
195 1219 341 1280 humana
358 1219 510 1282 videatur
528 1219 629 1300 stirpe
644 1229 779 1284 creatus.

61 1324 127 1388 Hic
138 1336 264 1407 tamen,
285 1337 315 1388 et
329 1345 429 1408 supra
445 1344 528 1408 quos
544 1325 704 1410 diximus,
724 1327 894 1393 inferiores

62 1429 215 1493 Partibus
225 1429 355 1517 egregie
365 1429 494 1511 multis,
510 1431 681 1513 multoque
694 1433 856 1509 minores3

62 1540 290 1621 Quamquam,
310 1539 415 1600 multa
430 1540 517 1601 bene
532 1558 571 1601 ac
588 1538 745 1603 divinitus
758 1539 976 1623 invenientes,

61 1643 110 1703 Ex
125 1645 228 1724 adyto
243 1655 398 1725 tanquam
411 1642 533 1726 cordis,
548 1665 704 1728 responsa
719 1649 840 1711 dedere

61 1744 229 1826 Sanctius,
247 1756 279 1807 et
290 1748 395 1808 multo
410 1756 498 1808 ceria
513 1746 639 1810 ratione
652 1749 772 1835 magis,
797 1770 898 1831 quam

60 1849 197 1931 Pythia,
211 1872 296 1931 quae
308 1851 436 1933 tripode
449 1872 489 1915 ex
497 1853 621 1914 Phoebi
628 1855 789 1935 lauroque
797 1855 965 1939 profatum
1062 1918 1065 1926 ,

60 1952 238 2036 Principiis
256 1967 366 2018 romeu
379 1956 416 2017 in
433 1977 545 2018 rerum
562 1957 669 2018 fecere
683 1957 809 2037 ruinas,

60 2056 100 2115 Et
110 2055 260 2142 graviter
275 2055 389 2139 magni
405 2074 527 2140 magno
543 2056 689 2120 cecidere
703 2058 752 2121 ibi
768 2079 862 2123 casu:
960 2076 1017 2140 742

60 2162 229 2244 Primum,
249 2164 339 2243 quod
352 2172 476 2244 motus,
492 2174 621 2225 exemto
634 2167 730 2227 rebus
748 2164 857 2246 inani,

61 2267 290 2348 constituunt,
312 2279 344 2329 et
357 2288 409 2330 res
424 2266 553 2328 molleis
564 2286 719 2363 rarasque
732 2269 942 2352 relinquunt,

59 2375 159 2454 Aera,
170 2375 291 2454 solem,
302 2373 431 2459 ignem,
444 2384 559 2455 terras,
573 2373 744 2456 animalia,
758 2375 888 2460 fruges3

60 2485 128 2546 Nec
143 2493 252 2544 tamen
264 2483 445 2550 admiscent
460 2483 496 2545 in
516 2502 632 2544 eorum
649 2501 768 2562 corpus
783 2479 901 2542 inane:
1000 2509 1004 2517 ·

10 2626 18 2637 κ
61 2586 203 2667 Deinde,
218 2588 307 2665 quod
321 2583 571 2647 omninofinem
583 2604 652 2645 non
668 2603 737 2645 esse
756 2581 904 2647 secandis

64 2690 264 2771 Corporibus
279 2688 419 2770 faciunt,
432 2709 540 2768 neque
549 2708 684 2770 pausam
695 2697 779 2753 stare
791 2684 932 2772 fragori3

62 2795 288 2875 Necprorsum
300 2794 336 2855 in
343 2793 630 2857 rebusminumum
638 2774 812 2855 consistere
819 2794 1014 2873 quidquam:

62 2906 174 2987 Quom
186 2904 355 2966 videamus
366 2903 400 2963 id
418 2913 599 2964 extremum
612 2898 795 2978 quoiusque
807 2918 964 2962 cacumen
1037 2977 1041 2984 Ι
1055 2941 1056 2945 =

62 3007 154 3084 Esse,
165 3009 254 3087 quod
265 3009 428 3070 adsensus
445 3015 572 3067 nostros
585 3002 772 3064 minumum
787 3021 855 3064 esse
866 3003 1017 3083 viderurq

63 3113 233 3177 Coniicere
244 3125 280 3176 ut
290 3113 393 3196 possis
410 3134 450 3174 ex
461 3116 537 3190 hoc,
552 3111 641 3191 quod
652 3129 788 3171 cernere
801 3129 869 3172 non
883 3109 973 3192 quis,
1016 3166 1020 3175 .

64 3219 254 3280 Extremum
271 3218 359 3298 quod
372 3219 512 3298 habent,
524 3216 711 3278 minumum
722 3215 896 3279 consistere
905 3217 1015 3291 rebus·
1032 3248 1036 3255 ·

11 3368 16 3384 ,
104 3327 177 3388 Huc
196 3324 322 3387 accedit
338 3325 434 3406 item,
451 3324 608 3404 quoniam
626 3322 808 3406 primordia
822 3344 935 3386 rerum
1018 3350 1022 3367 ¹

61 3426 178 3523 Mollia
198 3428 410 3510 constituunt,
430 3449 514 3508 quae
529 3443 589 3491 nos
603 3429 714 3492 nativa
726 3429 877 3494 videmus
1020 3408 1026 3416 ’

61 3541 154 3620 Esse,
171 3548 203 3600 cr
218 3538 351 3601 mortali
364 3561 439 3601 cum
455 3559 591 3621 corpore
604 3537 763 3600 funditus:
780 3536 872 3616 atqui

20 3650 189 3711 *chcat
201 3650 245 3708 ad
256 3645 473 3710 nihilumiam
488 3666 598 3708 rerum
612 3664 740 3709 summa
753 3644 892 3727 revorti,
982 3666 984 3671 ’
1046 3661 1049 3666 ’

58 3754 110 3816 De
131 3753 307 3833 nihiloque
320 3760 433 3817 renata
448 3751 610 3839 vigescere
624 3751 720 3834 copia
737 3771 867 3814 rerum:
