2550 4726
217 783 271 875 T.
303 783 652 876 LUCRETll
683 783 862 874 CARI
992 843 995 847 -

367 1001 711 1107 VITA

199 1270 244 1344 D.
269 1270 562 1348 LAMBINO
591 1272 893 1352 AUCTORE.

53 1796 235 1883 amm,
252 1798 409 1882 cecus,
422 1746 554 1865 viiia
565 1797 778 1883 sinnicii,
791 1795 1026 1884 meamea,

44 2036 48 2041 ⁵
100 1947 269 2010 moniis
284 1946 423 2008 ocius
436 1947 491 2010 aa
503 1946 688 2030 TEMPUS,
704 1947 933 2038 micanum
950 1947 1027 2011 Nu·

104 2086 709 2191 Mmus‚coiisii1ui11>oeaia.

818 2154 822 2162 ’
874 2146 894 2185 0

62 2266 172 2437 DE
185 2363 297 2456 patria
309 2359 359 2437 T.
369 2358 563 2434 Lucum
576 2357 682 2432 CARI
691 2376 829 2436 constat
839 2360 935 2433 inter
947 2372 1030 2433 om·

61 2498 149 2559 nes,
166 2474 281 2568 idque
297 2476 357 2547 vel
377 2497 423 2545 ex
435 2471 547 2566 ipsius
560 2484 687 2568 poetae
700 2474 907 2547 testimonio
922 2474 1031 2544 intel·

62 2582 174 2680 ligere
198 2584 303 2673 licet,
324 2608 411 2655 eum
434 2580 641 2653 Romanum
669 2607 750 2654 esse.
774 2583 902 2677 Itaque
926 2580 1030 2676 quod

63 2692 115 2764 de
142 2693 187 2764 T.
211 2693 417 2791 Pomponio
441 2690 564 2764 Attico
587 2694 723 2788 scripsit
744 2693 930 2766 Cornelius
954 2692 1032 2765 Ne·

65 2827 157 2895 pos,
182 2826 315 2874 munus
340 2803 518 2875 Fortunae
537 2801 659 2892 fuisse,
685 2803 787 2897 quod
807 2804 846 2874 in
867 2827 909 2874 ea
922 2800 1034 2895 potis·

50 2910 200 2980 ⁴simum
223 2910 316 2981 urbe
340 2927 533 3004 natusest,
560 2912 598 2981 in
629 2936 701 3004 qua
725 2911 951 2985 domicilium
976 2934 1033 2982 or·
1118 3004 1127 3019 .

62 3020 121 3090 bis
145 3033 316 3091 terrarum
339 3024 431 3090 'es'set
453 3017 618 3110 impedi,
643 3033 685 3088 ut
707 3018 858 3088 eandem
881 3020 1032 3112 patriam

64 3128 231 3214 haberet,
258 3144 296 3198 et
320 3126 507 3199 dominam
529 3143 594 3198 etc.
619 3127 688 3198 hoc
710 3127 810 3198 idem
832 3128 878 3200 de
899 3127 942 3198 T.
958 3127 1035 3199 Lu⁴

48 3238 180 3308 ¹ctetio
203 3236 321 3309 dicere
339 3238 442 3325 licet,
468 3237 620 3308 eandem
639 3237 768 3308 urbem
790 3239 864 3308 eius
882 3237 1034 3332 patriam

64 3345 194 3433 fuisse,
221 3362 258 3416 et
281 3346 445 3444 gentium
467 3344 677 3433 'dominam
708 3348 895 3442 siquidem.
916 3350 1034 3422 Roma

62 3454 182 3551 patria
205 3454 279 3529 eius
298 3472 371 3544 est,
398 3473 440 3527 ut
463 3473 524 3527 est.
549 3446 677 3550 'Atque
698 3457 785 3529 haec
809 3456 960 3553 quidem
986 3457 1034 3530 de

59 3567 190 3662 patria.
258 3609 261 3615 ·
328 3576 330 3582 '

115 3677 178 3749 De
203 3698 331 3773 genere
355 3694 497 3780 autem,
526 3678 639 3775 gentis
660 3677 846 3750 Lucretiae
865 3675 968 3750 fuisse
989 3673 1034 3748 T.

65 3786 308 3874 Lucretium,
326 3809 469 3863 nomen
480 3785 598 3880 ipsum
615 3787 775 3860 declarat.
790 3787 902 3860 Porro
914 3803 1036 3861 autem
