2572 4732
411 311 614 375 Llnnn
653 312 709 375 11.
746 312 903 390 mciv
1082 316 1121 382 65

158 459 255 524 llaec·
265 455 372 544 magis
383 454 528 519 hamatis
539 455 626 517 inter
641 476 676 522 se
693 475 778 518 nexa
792 455 918 534 teneri3

157 566 403 646 Propteresque
411 561 522 623 solere
528 558 598 622 vias
608 559 795 623 rescindere
808 562 928 626 uostris

157 663 329 743 Sensibus,
342 659 544 741 introituque
554 680 615 725 suo
629 681 849 745 perrumpere
856 682 989 746 corpus.
1011 683 1019 708 e
1067 656 1070 663 ’

199 767 323 831 Omnia
337 775 507 849 postremo
514 767 603 828 bona
614 767 776 850 sensibus,
798 776 830 832 et
845 772 934 832 mala
948 780 1060 856 tactu,

112 906 116 935 t
156 874 319 943 Dissimili
331 874 464 937 interse
481 884 631 959 pugnant
645 874 790 956 perlecta
806 874 936 966 figura:

112 998 115 1009 ·
157 983 207 1044 Ne
218 991 252 1043 tu
269 980 353 1042 forte
364 987 478 1061 putes,
496 998 606 1041 serrae
621 977 786 1042 stridentis
801 985 957 1045 acerbum

157 1090 339 1153 Horrorem
350 1095 500 1149 constare
511 1084 683 1147 elementis
702 1087 852 1151 laevibus
865 1109 992 1173 aeque,

156 1195 348 1256 AcMusaea
357 1193 460 1271 mele,
477 1211 544 1273 per·
556 1178 699 1253 chordas
711 1192 860 1277 organici
876 1212 963 1274 quae
995 1250 998 1257 .

115 1360 120 1373 ,
157 1295 342 1359 Mobilibus
354 1294 470 1378 digitis
478 1293 706 1380 expergefacta
722 1290 892 1378 liguram:

157 1403 229 1464 Neu
242 1399 342 1464 simili
354 1409 529 1484 penetrare
544 1411 639 1482 putes
650 1399 836 1481 primordia
844 1403 954 1466 forma

112 1510 119 1561 '.
157 1505 197 1566 In
214 1503 326 1568 nareis
337 1505 514 1569 bominum
522 1551 534 1587 ,
551 1525 653 1586 quom
667 1515 770 1570 taetra
785 1511 946 1574 cadavera
958 1518 1101 1596 torrent,

112 1606 115 1685 ῗ
157 1612 197 1673 Et
210 1630 314 1692 quom
323 1630 421 1674 scena
430 1631 528 1676 croco
545 1611 642 1675 Cilici
656 1613 788 1694 perlusa
804 1636 918 1680 reeens
929 1627 997 1701 est,

140 1742 143 1746 ⁴
157 1720 494 1804 Araque-Panchaeos
504 1721 639 1805 exhalat
649 1733 786 1806 propter
795 1727 937 1791 odores:

157 1823 246 1885 Neve
262 1824 368 1885 bonos
382 1843 496 1886 rerum
510 1824 614 1891 sirm'li
628 1832 916 1894 constarecolores

158 1923 290 1990 Semina
306 1913 500 2010 constituas,
519 1932 632 1992 oculos
645 1932 703 2012 qui
716 1945 850 2016 pascere
861 1943 1016 2020 possunt,

149 2027 198 2089 ut
210 2025 268 2108 qui
280 2030 634 2114 compunguntaciem,
644 2033 896 2114 lacrumareque
904 2044 1048 2121 cogunt,
1058 2051 1120 2112 φο

157 2135 222 2199 Aut
232 2131 452 2214 foedaspecie
468 2133 562 2195 taetri
580 2142 762 2216 turpesque
774 2122 942 2218 videntur.

159 2239 276 2303 Omnis
291 2239 397 2320 enim,
408 2258 523 2303 sensus
536 2261 623 2322 quae
637 2244 760 2304 mulcet
772 2263 903 2323 cunque
917 2243 1108 2328 videntum,

157 2346 258 2409 Haud
267 2344 340 2409 sine
352 2343 544 2428 principiali
556 2345 669 2427 aliquo
680 2348 816 2410 laevore
824 2357 934 2411 creata
946 2359 1016 2412 est:
1066 2406 1069 2413 .
1089 2350 1092 2355 ’

158 2453 198 2513 At
208 2459 338 2531 contra,
353 2470 572 2531 quaecunque
582 2453 721 2515 molesta
732 2464 831 2534 atque
845 2473 962 2536 aspera
974 2463 1121 2543 constat,

157 2558 232 2621 Non
240 2554 353 2637 aliquo
366 2555 438 2619 sine
452 2555 610 2621 materiae
622 2559 777 2640 squalore
788 2571 918 2643 reperta
931 2571 992 2625 est.

112 2646 118 2709 '.
198 2668 281 2732 Sunt
291 2665 407 2747 etiam,
421 2684 508 2747 quae
520 2665 589 2730 iam
600 2686 664 2730 neo
673 2666 782 2731 laevia
794 2667 869 2731 iure
884 2675 1046 2752 putantur

158 2774 251 2855 Esse,
261 2764 379 2852 ‘neque
392 2770 535 2834 omnino
542 2770 634 2834 flexis
650 2770 866 2836 mucronibus
875 2791 980 2848 unca3

158 2878 221 2940 Sed
234 2876 340 2963 magis
355 2875 520 2962 angulul'n
533 2877 684 2957 paullum
699 2875 938 2958 promentibus,
954 2887 986 2939 et
1000 2868 1088 2959 quae
1110 2914 1115 2925 ι

158 2981 309 3045 Titillare
324 2976 429 3065 mbgis
443 2999 583 3060 sensus,
592 2998 692 3060 quam
707 2979 858 3059 laedere,
871 2978 1013 3060 possint:
1041 2996 1044 3001 ·

158 3089 299 3150 Faesula
310 3088 378 3150 iam
393 3085 515 3168 quode
531 3103 654 3168 genere
667 3091 735 3164 est,
747 3081 1079 3166 inulaequesapores.
1105 3122 1113 3133 -

196 3190 355 3271 Denique
364 3190 432 3252 iam
447 3187 572 3251 calidos
584 3186 707 3274 igneis,
722 3186 940 3273 gelidamque
948 3185 1121 3272 pruinam,

159 3293 319 3360 Dissimili
330 3298 463 3387 dentata
474 3296 576 3358 modo
582 3339 593 3376 ,
609 3314 833 3380 compungere
846 3278 963 3359 sensis

160 3401 333 3487 Corporis,
346 3402 475 3466 indicio
484 3401 583 3466 nobis
592 3411 648 3481 est
662 3410 765 3466 tactus
778 3411 934 3483 uterque.

159 3510 281 3573 Tactus
291 3504 732 3591 enim‚tactm‚·prol)ivom
744 3506 882 3570 numius
891 3508 1021 3570 sancta!
1066 3522 1074 3557 ’-

160 3614 316 3700 Corporis
330 3623 517 3693 estsensus,
531 3615 587 3676 vel
603 3632 705 3693 quom
718 3632 771 3677 res
782 3621 894 3675 extera
908 3630 981 3674 sese

160 3721 399 3804 Insinuat,re1
412 3718 645 3804 quomlaedit,
656 3738 742 3802 quae
753 3717 790 3783 in
800 3712 939 3804 corpore
949 3723 1027 3783 neta
1038 3725 1106 3799 est,
