2550 4726
155 341 196 402 μ
360 323 427 387 nn
452 323 642 387 annun
671 297 887 385 urruns
947 341 978 384 v.
1000 325 1071 387 an.

152 469 352 548 Propterea,
364 463 461 547 quia,
479 480 563 545 quae
577 460 678 524 nnllis
690 469 766 525 aunt
776 457 1053 543 partibusawta,

154 557 231 631 Non
240 575 374 651 possunt
386 585 442 645 ea,
452 584 536 646 quae
549 565 646 627 debet
656 561 808 650 genitalia
823 565 946 629 habere
1028 618 1035 631 ,
1121 614 1126 621 .

155 669 326 752 Materies,
342 669 453 733 varios
466 687 647 747 connexus,
661 669 826 749 pondera,
841 668 972 755 plagas,

155 777 352 855 Concursus,
373 781 498 853 motus,
508 792 568 854 per
584 792 665 853 quos
680 791 733 835 res
746 788 896 852 quaeque
908 778 1082 858 geruntur.

196 882 423 964 Quapropter,
441 877 500 959 qui
510 876 683 943 materiem
699 898 810 941 rerum
826 897 894 941 esse
906 886 1069 961 putarunt

155 991 289 1077 Ignem,
302 996 400 1069 atque
410 1007 450 1049 ex
465 985 539 1071 igni
553 1005 717 1050 summam
735 984 911 1049 consistere
923 987 1015 1068 solo,

155 1095 358 1180 Magnopere
370 1109 390 1151 a
403 1109 481 1155 rere
492 1090 578 1174 lapsi
586 1089 713 1153 ratione
730 1089 896 1154 videntur.

155 1199 342 1266 Heraclitus
356 1198 420 1263 init
434 1205 578 1281 quorum
592 1198 660 1261 dux
678 1196 807 1281 proelia
819 1196 963 1281 primus,

156 1307 274 1371 Clarus
287 1308 332 1373 oh
350 1309 529 1372 obscuram
537 1303 687 1390 linguam
700 1301 805 1390 magia
817 1301 904 1367 inter
916 1303 1064 1386 haneis,

157 1412 309 1496 Quamde
318 1410 447 1498 graveis
462 1411 549 1475 inter
562 1409 696 1489 Graios,
711 1407 771 1488 qui
784 1426 863 1473 vera
874 1408 1061 1489 requirunt·

159 1519 283 1582 Omnia
293 1519 384 1583 enim
396 1517 508 1585 stolidi
520 1515 625 1604 magis
639 1515 847 1581 admirantur
859 1527 1055 1600 amantque,

157 1629 304 1693 inversis
319 1619 404 1710 quae
416 1631 479 1694 sub
493 1629 602 1690 verbis
618 1625 781 1692 latitantia
791 1636 947 1704 cernunt3

157 1735 311 1812 veraque
325 1732 542 1813 constituunt,
555 1750 639 1811 quae
648 1731 735 1793 belle
748 1739 883 1815 tangere
893 1738 1031 1813 possunt

158 1837 291 1914 Aureis‚
307 1847 339 1900 et
348 1837 460 1920 lepido
470 1854 555 1916 quae
568 1846 644 1899 sunt
654 1835 765 1897 fucata
777 1854 906 1900 sonore.

200 1945 284 2004 Nam
298 1961 384 2022 quur
394 1951 463 2004 tam
474 1938 585 2002 variae
597 1960 650 2002 res
664 1949 798 2021 possent
811 1959 899 2022 ease,
914 1938 1068 2021 requiro,

64 2078 67 2095 =
160 2051 211 2113 Ex
224 2067 292 2111 uno
306 2047 334 2111 si
346 2056 423 2110 sunt
434 2045 525 2134 igni,
541 2065 711 2128 puroque,
724 2046 875 2108 creatae?
1057 2047 1124 2126 647

159 2156 216 2221 Nil
234 2158 402 2239 prodesset
418 2152 507 2218 eninr
527 2152 671 2218 calidum
688 2151 853 2218 denserier
866 2150 993 2238 ignem,

160 2265 229 2326 Nec
245 2260 447 2340 raretieri,si
463 2271 572 2344 partes
588 2258 675 2345 ignis
690 2260 830 2322 eandem

160 2370 336 2448 Naturam,
350 2387 448 2447 quam
461 2375 546 2430 totus
556 2367 655 2429 habet
668 2385 768 2447 super
782 2362 886 2451 ignis,
899 2364 1074 2429 heberent.
1106 2412 1110 2417 -

161 2470 278 2534 Acrior
295 2473 395 2533 ardor
408 2470 499 2534 eninr
515 2468 686 2545 conductis
699 2467 846 2552 partibus
861 2476 963 2532 esset:

160 2575 364 2661 Languidior
377 2575 644 2666 ponodisiectis,
663 2575 780 2660 disque
793 2577 927 2659 supatis.

162 2679 313 2762 Amplius
326 2681 391 2744 hoc
404 2679 478 2745 fieri
493 2679 577 2744 nihil
591 2691 640 2744 est
652 2682 742 2762 quod
752 2690 849 2765 ‘posse
864 2680 968 2748 rearis

162 2778 299 2844 Talibus
310 2779 347 2844 in
360 2780 482 2866 causis-3
496 2783 620 2846 nedum
633 2781 796 2847 variantia
809 2802 921 2847 rerum

163 2888 269 2950 Tanta
282 2897 382 2967 queat
397 2885 507 2953 densis
521 2886 668 2968 rarisque
681 2891 725 2949 et
736 2885 870 2973 ignibm
884 2905 962 2951 esse·

162 2993 203 3054 Id
221 3011 367 3075 quoque,
382 2991 543 3059 silaciant
553 2990 737 3057 admixtum
752 2991 851 3054 rebus
865 2988 983 3070 inane,

163 3097 301 3163 Denseri
315 3107 470 3181 poterunt
483 3099 591 3186 ignes,
609 3096 741 3178 rarique
754 3095 917 3176 relinqui:

162 3204 246 3284 Sed,
260 3201 340 3283 quia
350 3204 455 3265 multa
470 3202 535 3267 sihi
549 3210 690 3266 cernunt
704 3199 870 3265 cornaria
881 3196 1005 3282 inesse,

163 3305 205 3367 Et
215 3301 402 3390 fugitantin
416 3304 515 3368 rebus
527 3303 626 3381 inane
642 3303 828 3386 relinquere
844 3324 985 3385 purum;

165 3408 278 3471 Ardua
292 3407 371 3468 dum
383 3413 553 3483 metuunt,
572 3404 727 3469 amittunt
746 3423 840 3486 vera,
853 3404 933 3469 viai:
1042 3474 1045 3481 ,
1120 3476 1126 3494 -.

165 3511 234 3574 Nee
246 3530 376 3575 rursum
389 3520 528 3575 cernunt
543 3520 709 3575 arentum
721 3512 819 3575 rebus
838 3508 956 3595 inane,

168 3620 291 3682 Omnia
305 3622 452 3706 denseri,
472 3621 610 3704 fierique
624 3645 664 3686 ex
681 3620 835 3687 omnibus
852 3643 958 3686 unum

167 3723 310 3806 Corpus,
332 3725 381 3790 nil
397 3727 441 3793 ab
454 3746 491 3792 se
508 3727 599 3810 quod
614 3724 716 3810 possit
731 3723 861 3793 mittere
875 3724 1020 3811 raptim,
