2550 4726
249 370 307 448 164
453 368 519 432 DE
546 366 739 429 RERUM
765 365 982 428 NATURA
1062 382 1164 447 unq.

242 514 380 597 Hydra,
389 508 558 576 venenatis
570 516 679 595 posset
690 508 811 571 vallata
824 504 993 570 colubris?

241 619 373 705 Quidve
384 619 559 703 tripectora
576 612 753 702 tergemini
768 611 819 677 vis
836 611 1032 699 Geryonai?

240 723 281 789 Et
296 722 467 787 Diomedis
481 718 576 803 equi,
591 719 753 802 spirantes
772 715 907 780 naribus
921 715 1058 803 ignem,
1154 802 1157 811 Ι

239 827 397 910 lbraeia,
411 825 636 907 Bistoniasque
648 826 781 914 plagas,
794 832 892 903 atque
902 823 1026 887 Ismara
1037 826 1173 907 propter
1204 869 1254 909 =

238 932 424 1016 Tantopere
439 927 607 995 officerent
618 929 731 1013 nohis,
748 926 928 1015 [uncisque
946 927 1115 990 timendae

238 1035 432 1123 Unguibus,
450 1034 609 1099 Arcadiae
617 1033 790 1117 volucres]
809 1033 1004 1115 Stymphala
1020 1032 1256 1101 uolentes?

236 1145 410 1225 Aureaque
426 1142 646 1227 Hesperidum
664 1161 798 1206 servans
811 1139 974 1228 fulgentia
988 1140 1095 1223 mala,

235 1248 354 1329 Asper,
372 1248 491 1310 acerbe
510 1254 620 1329 tuens,
637 1245 776 1308 immani
791 1263 930 1327 corpore
945 1254 1098 1331 serpens,

233 1352 370 1416 Arboris
386 1353 557 1436 amplexus
569 1351 719 1435 stirpem,
734 1351 817 1433 quid
835 1350 979 1432 denique
994 1351 1141 1433 obesset,

233 1462 372 1545 Propter
387 1463 577 1526 Atlanteum
586 1460 681 1544 litus,
697 1459 875 1546 pelagique
886 1478 1018 1539 severe,

233 1563 309 1648 Quo
319 1584 429 1647 neque
435 1574 548 1629 noster
559 1563 629 1629 adit
638 1556 828 1647 quisquam,
839 1582 900 1626 nee
910 1564 1072 1627 barbarus

760 1670 885 1733 audet?

271 1776 387 1838 Cetera
399 1778 440 1838 de
448 1797 568 1863 genere
581 1778 646 1839 boo
657 1790 742 1857 quae
752 1786 829 1839 sunt
839 1782 991 1859 portenta
1004 1782 1236 1858 perena..

228 1875 265 1941 si
274 1896 343 1941 uon
358 1878 444 1942 vieta
455 1880 575 1962 forent,
587 1879 669 1961 quid
684 1883 817 1943 tandem
830 1881 908 1943 viva
921 1880 1103 1945 nocerent!

228 1982 299 2067 Nil,
315 1996 352 2047 ut
362 1985 495 2068 opinor:
511 1985 558 2048 ita
570 1988 614 2049 ad
622 1985 771 2050 satiatem
786 1997 872 2049 terra
885 1987 1034 2049 ferarum
1076 2038 1079 2043 .

226 2094 323 2157 Nune
334 2094 434 2158 etiam
447 2089 554 2177 scatit,
569 2106 602 2159 et
615 2095 744 2179 trepido
758 2106 884 2161 terrore
896 2098 1022 2181 repleta
1032 2106 1099 2180 est,
1147 2108 1249 2171 11

227 2199 290 2261 Per
299 2218 446 2281 nemora,
456 2218 495 2263 ae
505 2185 646 2265 monteio
656 2199 1155 2289 magnos,silvasqueprofunda
1185 2214 1251 2259 ..ετ

226 2304 319 2387 Quae
333 2305 407 2366 loca
415 2304 544 2367 vitandi
555 2306 752 2387 plerumque
765 2315 812 2369 est
824 2315 936 2371 nostra
945 2316 1099 2391 potestas.

264 2411 307 2473 At
316 2411 380 2477 nisi
389 2422 566 2500 purgatum
576 2422 624 2478 est
634 2423 761 2497 peetus,
776 2435 861 2496 quae
872 2413 1000 2497 proelia
1010 2413 1122 2499 nobis,

222 2517 330 2597 Atque
343 2519 509 2601 pericula,
520 2530 597 2583 sunt
609 2514 746 2607 ingratis
756 2521 1016 2609 insinuandum?

224 2622 376 2704 Quantae
389 2630 459 2683 tum
468 2622 622 2686 scindunt
630 2626 802 2688 hominem
814 2625 986 2710 cupedinis
995 2645 1087 2693 acres

223 2722 409 2787 Sollicitum
423 2725 540 2788 curae?
552 2723 734 2807 quantique
745 2728 884 2811 perinde
897 2728 1055 2793 timores?

223 2830 354 2917 Quidve
362 2833 533 2924 sqperbia,
550 2833 726 2918 spurcitia,
738 2855 777 2898 ao
787 2816 983 2919 petulantia,
996 2845 1134 2919 quantas

222 2939 377 3007 Effioiunt
390 2943 532 3007 eladeisi'
543 2942 624 3023 quid
634 2944 747 3026 luxus,
761 2943 993 3027 desidiaeque?
1012 3021 1017 3037 1

261 3051 352 3112 Haec
362 3048 464 3136 igitur
472 3047 531 3130 qui
542 3056 660 3111 cuneta
670 3024 852 3135 subegeirit,
863 3070 903 3113 ex
911 3049 1093 3133 animoque

220 3149 391 3232 Expulerit
403 3150 516 3232 dictis,
526 3170 596 3213 non
606 3150 721 3227 armis3
739 3169 851 3215 nonne
865 3154 1007 3234 decebit,

219 3253 318 3315 Hune
328 3251 501 3314 hominem
514 3271 653 3314 numero
665 3251 787 3315 Divom
800 3255 970 3340 dignarier
981 3257 1075 3320 esse?

220 3355 331 3437 Quom
344 3354 430 3416 bene
442 3353 636 3439 praesertim
649 3356 755 3417 multe
768 3376 808 3419 ae
821 3356 979 3423 diuinitus
987 3357 1070 3444 ipsis

218 3460 291 3523 Iam
305 3460 492 3525 mortalibu'
500 3462 542 3524 de
556 3461 651 3526 Divis
667 3464 746 3527 dare
758 3463 845 3527 dieta
854 3467 974 3550 sudrit,

216 3569 325 3649 Atque
333 3589 467 3633 omnem
478 3588 589 3632 rerum
604 3577 756 3633 naturam
768 3572 914 3654 pandere
924 3570 1031 3637 dietis.
1133 3623 1136 3628 .

259 3674 386 3756 Quoius
401 3698 461 3764 ego
475 3676 637 3765 ingressus
646 3677 800 3763 vestigia,
814 3678 894 3759 dum
905 3677 1052 3744 rationes

218 3780 415 3863 Persequor,
431 3802 470 3846 ae
481 3785 584 3849 doceo
595 3782 706 3874 dietis,
718 3801 786 3864 quo
798 3801 950 3865 quaeque
959 3794 1070 3850 ereata
1090 3850 1096 3857 ,
