2572 4732
58 372 61 377 ·
169 354 227 415 142
363 339 431 398 ΠΕ
459 338 648 398 RERUM
677 336 893 397 NATURA
961 284 1089 417 vairp&

166 477 259 561 Quae
273 473 396 538 feriunt
405 475 578 536 oculorum
590 474 692 555 acies,
704 474 878 555 visumque
890 476 1063 540 lacessunt.
1128 478 1132 489 '

164 583 378 645 Errabundus
390 581 479 643 enim
491 582 581 642 tarde
590 580 694 660 venit,
705 600 744 642 ao
757 580 842 663 perit
854 590 946 662 ante,

164 685 355 766 Paullatim,
368 684 493 747 saoileis
504 683 675 747 distractus
686 685 721 745 in
737 685 822 747 aeris
833 702 945 747 aurast

163 787 213 848 Ex
224 789 291 849 alto
303 786 448 869 primunt
463 788 541 868 quia
555 788 613 849 vix
624 776 831 850 einittiturex
842 808 890 850 re.

163 896 248 958 Nam
260 898 391 979 penitus
405 899 506 959 fluere
521 907 617 978 atque
631 899 783 961 recedere
799 899 896 960 rebus
905 897 1025 961 odoras

162 1001 343 1087 Significat,
355 1003 445 1082 quod
455 1000 558 1064 fracta
570 1001 673 1087 magis
683 998 832 1064 redolere
839 999 996 1065 videntur

56 1176 61 1183 p
164 1104 303 1187 Omnia,
316 1106 406 1185 quod
419 1103 674 1184 contrita,quod
686 1102 757 1189 igni
772 1103 1010 1171 oonlabeiacta.
1054 1190 1059 1201 Ι

203 1210 332 1272 Deinde
344 1208 457 1271 ridere
471 1207 566 1289 licet,
578 1206 756 1279 maioribus
767 1225 834 1269 esse
846 1217 993 1271 creatum

162 1315 351 1398 Principiis,
363 1334 462 1395 quarn
473 1334 539 1375 vox
549 1312 727 1393 ;·quoniam
739 1332 799 1394 per
808 1331 903 1375 saxea
915 1322 1027 1396 saepta

161 1424 237 1484 Non
252 1431 416 1505 penetrat,
427 1440 492 1500 qua
502 1440 568 1482 vox
578 1420 678 1504 volgo
694 1416 886 1498 sonitusque
900 1419 1063 1487 feruntur.

162 1529 274 1613 Quare
283 1527 383 1590 etiam
393 1527 485 1609 quod
492 1527 570 1607 olet,
581 1545 650 1587 non
660 1534 727 1586 tam
736 1524 833 1587 facile
846 1545 913 1589 esse
924 1525 1054 1592 videbis
1085 1558 1088 1565 ·
1122 1536 1126 1543 '

161 1630 362 1717 Investigare
369 1631 424 1712 ,in
438 1649 503 1711 qua
514 1631 557 1694 sit
563 1630 705 1717 regione
721 1630 876 1693 locatum.

161 1737 357 1822 Refrigescit
369 1737 458 1800 enim
472 1737 656 1800 cunctando
666 1737 764 1821 plaga
776 1756 836 1818 per
846 1756 961 1815 auras3

161 1847 229 1907 Nec
243 1843 349 1906 calida
361 1846 404 1905 ad
419 1863 550 1907 sensum
563 1844 756 1922 decurrunt,
769 1840 885 1905 nuntia
899 1862 1023 1904 rerum.

161 1946 281 2008 Errant
290 1935 388 2029 saepe
398 1966 494 2010 canes
507 1945 633 2027 itaque,
646 1953 678 2007 et
689 1944 825 2030 vestigia
835 1954 1009 2025 quaerunt.
1062 1964 1122 2029 707

201 2055 269 2115 Neo
281 2063 390 2115 tamen
400 2056 464 2115 hoc
473 2051 550 2116 solis
564 2050 600 2115 in
610 2049 784 2132 odoribus,
799 2063 897 2132 atque
909 2070 1068 2133 saporum

160 2155 482 2240 Ingenere,est:sed
493 2157 572 2219 item
581 2156 704 2239 species
714 2178 825 2218 rernm
835 2167 933 2236 atque
944 2159 1073 2224 colores
1094 2174 1097 2181 ⁴

160 2258 235 2319 Non
247 2256 293 2319 ita
304 2259 502 2321 conveniunt
513 2261 556 2321 ad
567 2280 680 2322 seusus
688 2259 843 2323 omnibus
854 2279 983 2341 omnes,

161 2362 205 2422 Ut
219 2381 287 2423 non
301 2361 368 2423 sint
380 2360 453 2423 aliis
464 2364 626 2441 quaedam
641 2360 746 2448 magis
757 2361 846 2425 acria
858 2362 943 2425 visu.

161 2464 252 2547 Quin
264 2464 363 2526 etiam
372 2465 513 2550 gallum,
525 2474 655 2527 noctem
671 2463 923 2545 explodentibus
934 2464 1011 2549 alis,

159 2573 322 2633 Auroram
336 2573 425 2631 clara
440 2580 630 2633 consuetum
644 2591 725 2633 uoce
738 2591 871 2653 vocare,
1013 2643 1017 2650 .

160 2678 253 2739 Nenu
266 2682 392 2755 queunt
404 2674 513 2757 rapidi
526 2685 640 2737 contra
655 2686 803 2737 constare
811 2678 938 2761 leones,
976 2675 979 2683 ’

159 2781 265 2859 Inque
278 2777 380 2841 tueri:
395 2777 441 2839 ita
456 2777 614 2841 continuo
624 2778 803 2841 meminere
817 2780 928 2865 fugai:

32 2948 60 2957 N
159 2881 435 2965 Nimirum,quia·
445 2893 522 2968 sunt
534 2884 699 2970 gallorum
712 2881 749 2944 in
762 2902 898 2966 corpore
912 2885 1080 2965 quaedam
1120 2890 1123 2899 '

63 3007 66 3011 ’
158 2982 735 3071 Semina,quae,quorn'snnt·ooulis
749 2988 896 3053 immissa
904 2992 1058 3073 leonum,

159 3097 306 3179 Pupillas
319 3096 553 3178 interfodiunt,
563 3115 739 3177 acremque
752 3098 902 3158 dolorem

159 3202 338 3280 Praebent,
348 3208 385 3261 ut
397 3207 562 3279 nequeant
580 3208 693 3262 contra
709 3200 828 3261 durare
842 3198 982 3277 feroces3

159 3307 271 3391 Quom
283 3315 398 3369 tamen.
407 3308 488 3366 haec
498 3313 625 3365 nostras
639 3302 724 3365 acies
738 3302 787 3365 nil
801 3304 931 3365 laedere
943 3304 1087 3386 possint:
1122 3342 1126 3351 =

159 3411 312 3492 Autquia
322 3433 393 3475 non
404 3418 592 3494 penetrant,
601 3417 658 3497 ant
669 3409 760 3489 quod
769 3408 1097 3489 -penetrantihusillis

159 3515 272 3580 Exitus
284 3537 325 3578 ex
335 3515 437 3578 oculis
452 3514 537 3577 liber
549 3515 662 3595 datur',
673 3513 709 3575 in
723 3516 921 3580 remorando

31 3690 34 3695 ,
53 3706 56 3711 ¹
158 3623 303 3685 Laedere
317 3644 358 3685 ne
375 3619 500 3705 possint
512 3642 552 3683 ex
566 3622 635 3682 ulla
646 3618 776 3682 lumina
792 3630 893 3702 parte.
921 3700 924 3705 .

106 3734 109 3745 ¹
194 3720 1118 3810 Nuneage,quae'moreantanimumres,accipeietunde,
