2572 4732
321 278 524 343 LIBER
563 279 632 346 lv.
671 296 796 364 πως.
976 282 1032 346 151

62 412 264 514 Permulta
275 423 386 508 itaque
401 426 460 490 ille
476 426 546 493 dies
560 414 677 492 eedein
690 431 909 495 obversantur

60 512 166 588 Ante
181 526 308 608 oculos,
322 527 420 591 etiam
429 527 604 614 nigilantes
619 539 656 592 ut
671 529 848 593 videantur

60 617 223 697 Cernere
235 624 417 717 saltatricis,
437 645 469 698 et
482 635 597 699 mollia
610 638 759 699 membra
776 635 972 711 moventeis3

57 719 113 791 Et
129 737 272 802 citharae
281 738 446 820 liquidum
458 760 605 825 carmen,
616 743 819 822 chordasque
830 740 1032 822 loquenteis,

59 823 221 906 Auribus
229 841 393 926 accipere3
407 855 440 908 et
451 867 637 911 consessum
647 869 783 913 cernere
791 850 932 911 eundem
939 893 953 932 ,
984 926 989 945 s

58 926 258 1030 s<ararique
270 949 370 1014 simul
380 949 676 1035 vanostsplendere
693 953 836 1016 decores.
979 948 984 960 ‘

58 1032 190 1133 Usque
200 1054 284 1117 adeo
297 1055 411 1142 magni
424 1056 522 1119 refert
531 1056 676 1120 studium
690 1066 788 1138 atque
801 1059 965 1138 voluntas,

58 1137 117 1216 Et
126 1155 248 1237 quibus
261 1157 297 1221 in
308 1161 406 1225 rebus
420 1157 608 1223 consuerint
621 1179 692 1222 esse
702 1159 830 1242 operati

62 1247 152 1323 Non
167 1261 319 1326 homines
328 1267 451 1347 solum,
460 1267 518 1330 sed
528 1285 611 1329 vero
619 1264 776 1328 animalia
785 1276 912 1328 cuncta.

64 1359 211 1449 Quippe
220 1367 348 1433 videbis
356 1390 457 1451 equos
466 1369 594 1452 forteis,
600 1390 702 1450 quom
708 1371 856 1432 membra
863 1370 1017 1434 iacebunt

62 1456 110 1529 In
120 1469 266 1553 somnis,
279 1474 397 1535 sudare
410 1472 754 1556 tamemspirareque,
765 1495 913 1556 semper,

62 1563 111 1635 Et
121 1574 220 1653 quasi
231 1577 275 1639 de
286 1579 397 1659 palma
405 1599 556 1643 summas
568 1581 767 1642 contendere.
776 1578 892 1661 vireis,
1001 1590 1004 1596 ’

60 1675 138 1740 Aut
149 1679 244 1758 quasi
253 1681 439 1746 carceribus
450 1683 620 1767 patefactis
632 1703 729 1768 saepe
742 1683 862 1765 quiete.
930 1773 932 1778 Ι

109 1789 370 1873 venantumque
385 1812 482 1855 canes
494 1792 530 1855 in
544 1791 641 1855 molli
654 1812 750 1874 saepe
760 1791 874 1872 quiete

60 1889 213 1968 Lactant¹
229 1917 325 1958 crura
335 1907 446 1959 tamen
462 1895 590 1978 subito,
602 1915 768 1976 vocesque
778 1905 916 1978 repente

61 1995 228 2079 Mittunt,
245 2008 278 2061 et
293 1999 423 2061 crebras
437 1999 600 2061 reducunt
612 1999 749 2062 naribus
766 1980 882 2079 auras,
969 2011 1029 2080 994

63 2101 118 2165 Ut
130 2103 308 2188 vestigiasi
323 2114 454 2166 teneant
465 2102 600 2166 inventa
614 2104 777 2191 ferarum
817 2144 819 2149 <

64 2210 366 2296 Expergefactique
384 2219 567 2292 sequuntur
578 2209 690 2274 inania
706 2231 807 2292 saepe

67 2318 256 2377 ceruorum
265 2316 454 2398 simulacra,
470 2316 570 2404 fugae
580 2314 676 2397 quasi
691 2314 802 2377 dedita
815 2320 970 2392 cernant;

69 2420 191 2482 Donec
201 2418 351 2487 discussis
360 2422 495 2484 redeant
510 2418 675 2482 erroribus
690 2420 733 2480 ad
743 2440 787 2482 se.
859 2500 862 2505 .

72 2523 116 2586 At
133 2532 289 2615 consueta
301 2526 391 2589 domi
401 2528 587 2589 catulorum
601 2526 725 2589 blanda
742 2506 896 2614 propago
917 2586 920 2591 4

73 2628 227 2713 [Degere,
236 2650 332 2714 saepe
341 2632 449 2695 levem
458 2653 499 2694 en
505 2630 609 2697 oculis
616 2633 853 2715 volucremque
861 2633 1028 2718 soporem]

73 2732 257 2816 Discutere‚
271 2744 304 2797 et
315 2757 435 2819 corpus
444 2739 485 2800 de
496 2746 581 2807 terra
595 2735 767 2819 consipere
775 2737 917 2816 instant3

75 2834 216 2901 Proinde
230 2838 322 2920 quasi
334 2839 462 2926 ignotas
475 2840 574 2902 facies
589 2851 689 2920 atque
698 2861 757 2902 ora
768 2852 913 2905 tuantur.

75 2945 128 3025 Et,
143 2965 212 3025 quo
226 2964 381 3046 quaeque
390 2945 495 3031 magis
509 2955 586 3009 sunt
600 2951 715 3027 aspera
725 2945 957 3031 seminiorum,

75 3049 156 3111 Tam
170 3049 273 3137 magis
283 3049 319 3111 in
334 3050 459 3114 somnis
473 3053 590 3114 eadem
600 3050 726 3115 saevire
739 3070 907 3126 necessum
922 3061 979 3118 est.

111 3155 154 3217 At
165 3153 275 3217 variae
287 3152 420 3238 fugiunt
431 3154 597 3235 volucres,
611 3151 789 3236 pinnisque
800 3161 936 3235 repente

74 3257 256 3323 sollicitant
268 3260 392 3323 Divom
407 3271 571 3324 nocturno
585 3270 732 3342 tempore
749 3261 859 3341 lucos,
925 3312 927 3316 Α

74 3363 253 3446 Accipitres
267 3384 388 3447 somno
397 3365 435 3427 in
446 3364 558 3429 lenisi
574 3365 700 3449 proelia
718 3387 914 3452 pugnasque
987 3372 991 3377 '

38 3528 43 3535 ,
57 3469 177 3529 -Edere
193 3478 269 3531 sunt
283 3477 500 3549 persectantes
514 3469 667 3550 visaeque
678 3471 835 3532 volantes.

113 3572 233 3653 Porro,
244 3570 420 3636 hominum
433 3562 578 3653 mentes,
588 3573 716 3669 magnis
729 3594 814 3660 quae
826 3572 969 3642 motibus
1074 3652 1077 3656 ,
1126 3556 1128 3563 ¹

472 3673 476 3681 ’
606 3679 726 3758 edunt,
764 3719 775 3736 s
