2550 4726
230 270 681 419 ¹·,V1Tlt
949 336 1024 395 ιιιι

64 501 188 575 stunt,
212 484 345 559 morbis
370 501 527 558 aestuare
557 499 669 578 atque
692 480 847 555 afflictari
873 483 1022 556 videret.

62 598 133 672 Alii
157 597 378 696 aegritudine
394 596 534 684 animi,
561 594 664 689 quod
677 593 842 666 Memmii
861 596 933 684 sui,
958 596 1025 691 qui

61 708 100 778 in
130 709 296 780 exsilium
322 709 445 802 pulsus
474 722 568 793 erat,
599 705 735 776 tristem
760 728 881 777 casum
903 731 1025 802 aequo

62 818 185 889 animo
203 816 293 889 ferre
310 841 387 889 non
401 835 529 911 posset.
546 815 619 886 Alii
631 814 751 887 furore
769 817 970 910 percitum,
984 818 1024 889 in

61 953 175 1022 quern
197 926 353 1015 Lucilla,
370 927 442 998 sive
466 950 581 1013 uxor,
602 924 675 996 sive
693 923 829 1012 amica,
850 926 1024 999 amatorio

60 1040 198 1132 poculo
214 1053 399 1132 porrecto,
417 1061 503 1110 eum
517 1032 726 1130 imprudens
734 1032 921 1132 adegerat,
938 1056 1024 1113 curn

60 1147 106 1216 ab
131 1170 176 1217 eo
200 1146 328 1233 amari,
345 1169 428 1217 non·
442 1145 474 1221 ei
491 1133 619 1217 necem
638 1141 784 1232 inferre,
808 1158 870 1216 aut
886 1141 1026 1217 bonam

60 1270 227 1326 mentem
244 1254 402 1326 adimere
423 1256 542 1326 vellet.
734 1323 739 1329 .
948 1274 960 1329 ·.
993 1276 996 1283 ·

113 1363 302 1468 Quoniam
312 1381 434 1436 autem
445 1363 492 1436 de
505 1388 656 1436 numero
674 1363 849 1439 librorum
860 1366 1026 1445 aLucre·

55 1475 116 1544 'tio
134 1474 347 1568 scriptorum
363 1475 533 1546 nonnulli
551 1474 784 1562 dubitarunt,
801 1493 836 1547 et
844 1477 1026 1549 levissimis

60 1584 280 1680 argumentis
294 1575 456 1674 adducti,
472 1586 590 1681 plures
605 1611 715 1680 quam
732 1610 793 1658 sex
805 1586 852 1658 ab
863 1612 907 1659 eo
919 1588 1026 1683 scrip·

60 1708 118 1762 tos
131 1717 204 1764 esse
219 1694 484 1781 existimarunt,
510 1693 652 1767 videtur
664 1695 723 1767 hic
741 1719 836 1767 error
855 1696 1026 1770 minuen-

62 1799 154 1888 dus,
171 1819 281 1894 atque
293 1804 379 1874 haec
396 1802 575 1876 dubitatio
592 1804 761 1877 tollenda.
780 1805 947 1878 Omnino
959 1807 1026 1905 igi·
1131 1802 1134 1814 '

62 1925 124 1980 tut
144 1934 208 1980 sex
224 1910 334 1982 libros
355 1910 543 1983 dumtaxat
562 1911 607 1984 de
629 1931 755 1984 natura
773 1938 892 1987 terum
916 1912 1025 2007 scrip·

62 2020 106 2091 sit
120 2019 167 2091 T.
192 2019 516 2106 LucretiusCarus.
539 2022 649 2095 Cuius
670 2025 720 2114 rei
741 2049 825 2095 cum
845 2024 915 2097 sint
934 2024 1025 2096 mihi

61 2128 122 2199 illa
141 2152 297 2222 quoque
309 2147 518 2225 argumenta
536 2153 613 2200 non
631 2131 826 2201 imbecillas
841 2131 1026 2224 primum,

63 2238 167 2331 quod
182 2238 402 2334 grammatici
422 2257 576 2326 veteres,
596 2239 727 2331 aliique
741 2239 944 2334 scriptores,
961 2240 1025 2315 Fe·

60 2365 156 2436 stus,
181 2349 344 2441 Nonius,
372 2349 590 2438 Diomedes,
617 2349 835 2440 Priscianus,
861 2351 1026 2445 Probus,

55 2461 235 2550 Carisius,
254 2461 436 2550 Donatus,
455 2460 889 2550 Servius,Tertnllianus,
906 2465 1025 2537 Arno·

59 2569 164 2658 bins,
184 2568 404 2657 Lactantius,
433 2570 577 2640 nullum
600 2570 754 2643 Lucretii
775 2573 910 2644 librum
933 2577 1025 2646 ultra

62 2666 206 2748 sextum
221 2695 514 2748 commemorant.
536 2677 697 2768 Deinde,
717 2681 820 2773 quod
833 2682 942 2752 exhis
961 2707 1025 2755 sex
1093 2704 1109 2727 ·

61 2787 163 2858 libris
185 2788 265 2858 solis
279 2805 355 2860 tota
379 2787 522 2881 Epicuri
547 2788 662 2876 ratio,
689 2791 864 2860 sententia
888 2815 928 2863 ac
956 2790 1025 2862 do·

62 2896 198 2983 ctrina,
223 2921 314 2989 quae
339 2896 487 2989 quidem
511 2895 558 2964 ad
580 2913 725 2967 naturae
744 2893 1024 2990 explicationem

61 3007 254 3101 pertineat,
271 3003 493 3089 continetur,
509 3027 628 3095 neque
641 3003 843 3095 quidquam
856 3004 1025 3095 amplius,

63 3116 169 3209 quod
190 3121 271 3210 quis
293 3117 338 3186 de
355 3140 393 3185 ea
410 3115 527 3185 dicere
544 3133 670 3206 queat,¹
692 3113 873 3206 reliquum
894 3125 953 3183 est
979 3110 1026 3183 Et

64 3230 324 3298 tamen·multa
351 3226 397 3298 de
421 3222 662 3311 continentia,
689 3247 724 3295 et
748 3223 963 3319 parcimonia
985 3222 1025 3295 in

64 3337 184 3424 victu,
205 3336 250 3405 de
274 3313 471 3405 honoribus
495 3333 788 3419 contemnendis,
812 3333 858 3423 de
879 3333 1023 3404 luxuria
1060 3415 1066 3423 ,

65 3463 103 3518 et
126 3449 277 3518 mollitie
301 3447 540 3541 aspernanda,
568 3465 603 3516 et
624 3446 669 3518 de
692 3447 813 3518 ceteris
838 3470 954 3517 retum
976 3444 1025 3517 ad

62 3556 329 3652 philosophiam
356 3559 526 3627 moralem
550 3557 812 3649 pertinentibus
835 3555 1022 3627 accedunt.

115 3669 313 3740 Consilium
341 3667 498 3757 denique
522 3666 678 3737 Lucretii
703 3680 778 3752 est,
800 3665 909 3736 animi
928 3682 1025 3736 tran·

64 3780 301 3881 quillitatent,
315 3792 352 3852 et
363 3769 507 3881 ἀταξίαν
516 3778 633 3865 illam,
651 3799 761 3869 quam
775 3773 902 3848 crebro
913 3764 1024 3848 habe-
