2572 4732
395 306 598 393 noun
636 329 715 411 1v.¹
743 332 865 394 aas
1058 354 1116 419 ης

167 477 259 562 lira,
269 477 330 561 qui
340 475 427 543 inter
442 499 478 543 se
493 499 624 561 cunque
636 487 685 543 est
699 480 879 561 oculosque
888 479 1037 545 locatum

165 579 198 646 Et
209 582 355 664 facit,·ut
363 583 456 666 prius
469 585 560 646 huno
573 598 706 645 omnem
717 581 839 646 sentire
851 600 1023 664 queamus,

163 689 463 776 Quamspeeulum:
475 688 618 772 sed,ubi
628 688 664 751 in
673 689 846 772 speculum
855 708 986 771 quoque
994 690 1098 756 sensi·

661 814 735 859 mus
748 796 875 879 ipsum,

161 897 356 965 continuos
366 898 464 963 nobis
479 898 517 962 in
533 919 627 982 eum,
642 919 727 982 quae
743 901 863 984 fertur,
880 899 992 988 imago

159 1002 328 1090 Peruenit,
339 1010 372 1065 et
388 1012 516 1067 nostros
529 1005 642 1066 oculos
658 1004 777 1068 reiecta
796 1005 929 1069 revisit:
999 1012 1011 1037 ⁶
1034 1088 1038 1096 ι

158 1112 266 1192 Atque
285 1109 390 1173 alium
405 1129 485 1192 prae
498 1129 534 1173 se
546 1108 736 1194 propellens
748 1117 823 1173 aera
838 1111 962 1195 volvit,

158 1218 197 1281 Et
209 1217 309 1301 facit,
320 1229 358 1282 ut
373 1218 465 1302 prius
477 1213 580 1301 hunc,
599 1237 700 1299 quam
712 1238 766 1301 se,
780 1218 967 1284 rideamus:
981 1237 1090 1302 eoque

158 1320 289 1386 Distare
301 1324 468 1404 asperulo
486 1332 615 1386 tantum
632 1331 759 1386 semota
771 1321 914 1385 videtur.

158 1428 272 1511 Quare
283 1425 384 1489 etiam
395 1435 494 1507 atque
506 1424 606 1489 etiam
623 1424 771 1489 minume
783 1424 935 1487 mirarier
947 1434 995 1488 est
1004 1447 1066 1509 par

160 1533 265 1615 ollis,
282 1552 367 1614 quae
380 1536 524 1598 reddunt
536 1534 748 1618 speculorum
759 1547 799 1596 ex
812 1552 955 1616 aequore
973 1537 1099 1621 visum,

161 1622 299 1701 l'eribus
312 1636 412 1716 binis3
427 1640 586 1720 quoniam
604 1657 655 1704 res
667 1637 769 1703 confit
783 1649 931 1722 utraque.

199 1746 298 1807 Nunc
308 1754 361 1825 ea,
371 1762 458 1825 quae
466 1743 560 1809 nobis
571 1730 796 1809 membrorum
809 1745 942 1808 dextera
952 1764 1030 1828 pars
1041 1753 1105 1834 est,

162 1851 351 1937 inspeculis
363 1847 400 1912 lit
414 1849 463 1913 uti
479 1851 574 1932 laejva
591 1852 758 1933 videatur,
776 1872 814 1914 eo
830 1855 920 1933 quod

161 1950 390 2015 Planitiemad
399 1949 526 2032 speculi
540 1952 675 2014 veniens
686 1971 787 2030 quom
805 1947 944 2014 offendit
955 1951 1085 2041 imago,

147 2050 235 2120 'Non
249 2053 455 2119 convortitur
464 2052 656 2131 incolumis3
674 2055 732 2115 sed
747 2062 836 2116 recta
849 2064 1029 2117 retrorsum
1060 2055 1118 2136 296

159 2163 213 2228 Sic
229 2161 379 2241 eliditur,
390 2157 468 2223 utsi
477 2158 565 2241 quis,
576 2157 667 2241 prius
684 2157 777 2220 arida
789 2178 891 2239 quant
903 2158 946 2221 sit
1062 2202 1066 2211 -

158 2266 282 2331 cretea
292 2284 448 2348 persona,
469 2264 594 2328 adlidat
608 2264 738 2348 pilaeve
753 2265 898 2344 trahite,

156 2377 268 2455 Atque
277 2380 316 2435 ea'
326 2373 485 2436 continuo
500 2354 623 2436 rectam
632 2373 661 2437 si
675 2374 784 2436 fronte
799 2372 941 2462 figuram

158 2476 291 2560 ornet,
302 2488 336 2541 et
349 2477 464 2540 elisam
475 2488 563 2540 retro
573 2498 643 2541 sese
655 2478 818 2561 exprimat
828 2479 919 2562 ipsa:

158 2586 248 2663 Fiet,
262 2596 313 2665 ut,
329 2593 405 2648 ante
418 2587 532 2651 oculos
541 2586 639 2650 fuerit
652 2578 711 2669 qui
723 2591 852 2672 dexter,
868 2588 924 2654 hic
936 2584 1028 2652 idem

160 2690 259 2753 Nune
270 2687 312 2752 sit
327 2691 455 2772 laevus,
470 2699 532 2752 ete
547 2689 642 2753 laevo
653 2689 695 2753 sit
710 2702 825 2755 mutua
840 2693 963 2754 dexter.
1121 2751 1124 2757 .

107 2880 111 2885 .
202 2790 255 2855 Fit
264 2785 412 2876 quoque,
425 2795 468 2857 de
475 2796 612 2878 speculo
622 2795 658 2856 in
671 2797 843 2877 speculum
855 2806 892 2858 ut
904 2796 1052 2858 tradatur

685 2894 815 2981 imago,
1112 2912 1115 2917 ’

164 2998 334 3086 Quinque,
346 2997 446 3062 etiam
456 3015 527 3081 sex,
538 3005 576 3062 ut
587 2995 659 3061 fieri
671 2999 847 3063 simulacra
858 2998 996 3062 suerint.

164 3107 248 3169 Nam
261 3124 478 3187 quaecunque
487 3115 594 3188 retro,
608 3116 702 3191 parte
715 3105 887 3187 interiore,
899 3104 1028 3190 latebit,

165 3210 246 3275 {nde
257 3222 385 3293 tamen,
401 3207 552 3292 quamvis
564 3219 647 3272 torte
662 3208 857 3293 penitusque
868 3218 1015 3290 remota,

168 3315 304 3398 Omnia,
318 3336 379 3400 per
396 3317 497 3379 flexos
511 3314 620 3395 aditus
629 3315 760 3396 educta,
778 3313 890 3377 lioebit

166 3421 320 3485 Pluribus
336 3424 418 3486 haee
434 3419 576 3504 speculis
594 3419 769 3484 videantur
783 3420 820 3484 in
834 3417 969 3483 aedibus
979 3435 1058 3481 esse.
1080 3451 1082 3457 ,

167 3526 276 3609 Usque
286 3530 369 3592 adeo
383 3529 545 3612 espeoulo
560 3526 596 3589 in
611 3528 782 3609 speculum
793 3527 929 3587 tralucet
942 3521 1069 3606 imag03
1100 3601 1104 3609 Ι

167 3631 218 3715 Et,
227 3633 330 3715 'quom
339 3637 434 3698 laeva
449 3635 525 3695 dan
535 3642 591 3713 est,
600 3631 637 3695 fit
651 3652 783 3694 rursum
798 3640 835 3692 ut
845 3631 977 3691 dextera
988 3624 1061 3691 fian

168 3732 247 3798 Inde
262 3745 352 3819 retro
365 3756 496 3802 rursum
511 3733 613 3818 redit,
628 3746 660 3800 et
671 3734 835 3818 convortit
849 3734 977 3797 eodem.
1098 3778 1103 3786 ,

262 3835 391 3893 omerus.
877 3853 896 3905 9
1018 3840 1023 3848 ‘
