2550 4726
162 354 240 428 x.
390 335 436 407 Τ.
486 333 878 411 LUCRETII

211 493 302 571 Satis
318 521 406 569 vero
420 495 604 569 interdum
626 496 744 569 mirari
763 520 839 568 non
854 518 1020 597 pomum,
1034 520 1129 593 quae

163 623 262 681 tanta
280 605 387 679 fuerit
407 605 445 677 in
465 604 692 713 Quintiliano
709 604 833 679 iudicii
847 607 1074 702 perversitas,
1089 625 1132 681 ut

162 715 324 812 primum
347 739 432 787 cum
451 714 575 787 Macro
594 714 826 802 Lucretium,
854 716 926 796 huc
946 732 1018 804 est,
1042 740 1132 808 cum

163 829 287 895 musca
306 822 560 915 elephantum,
579 820 808 917 compararit,
832 847 918 895 cum
943 823 1013 897 sint
1034 824 1133 898 iuter

162 931 368 1007 semaxime
381 929 534 1025 dispares
547 954 588 1002 ac
606 930 798 1005 dissimiles.
830 929 995 1005 Macrum
1007 947 1133 1007 auteur

137 1028 142 1042 ⁸
163 1064 252 1113 eum
263 1041 441 1140 significo,
461 1065 573 1136 quem
597 1039 846 1144 Quintilianus
863 1056 1019 1115 noverat
1036 1041 1133 1115 Nam

162 1151 213 1238 is,
231 1151 295 1243 qui
308 1149 418 1222 hodie
439 1151 545 1226 estin
559 1149 744 1236 manibus,
767 1173 845 1221 non
857 1166 909 1221 est
921 1149 1042 1223 Macer
1052 1175 1135 1248 ger-

163 1284 313 1349 manus,
341 1261 402 1333 sed
416 1264 503 1334 alius
518 1260 669 1355 quidam
684 1258 959 1354 pseudomacer,
981 1256 1020 1329 in
1037 1258 1136 1333 anti,

165 1367 231 1463 qui
248 1385 284 1441 et
304 1371 378 1442 veri
394 1371 502 1443 Macri
519 1373 642 1442 locum
659 1366 833 1441 subditus·
864 1367 1009 1443 Deinde
1021 1368 1136 1464 scrip·

163 1479 265 1570 serit,
279 1498 479 1576 utrumque
494 1507 564 1554 esse
579 1480 729 1575 quidem
744 1461 957 1578 legendum‘,
976 1481 1135 1555 sednon

165 1606 208 1661 ut
236 1585 398 1685 phrasin,
422 1593 460 1661 id
483 1608 556 1678 est,
572 1608 701 1684 corpus
727 1589 977 1684 eloquentiae,
992 1588 1136 1663 faciant.

164 1699 351 1773 Postremo
366 1703 616 1790 subiunxerit,
634 1703 831 1799 elegantem
844 1725 915 1772 esse
928 1717 1132 1793 utrumque

164 1813 204 1883 in
223 1837 285 1883 sua
311 1813 474 1898 materia3
502 1812 564 1884 sed
582 1814 735 1884 alterum
757 1811 956 1911 humilem,
978 1813 1136 1887 alterum

162 1921 359 1999 difficilem.
384 1922 474 1992 Nam
491 1920 850 2016 primumLucretius
866 1910 1025 1995 nonfuit
1045 1947 1135 1999 cum

165 2029 290 2103 Macro
314 2033 600 2125 comparandus,
624 2050 813 2127 propterea
838 2033 942 2124 quod
959 2032 1050 2103 nihil
1073 2035 1139 2102 ha-

164 2141 257 2215 bent
272 2145 366 2215 iuter
378 2168 414 2215 se
432 2145 555 2217 simile.
584 2142 726 2215 Deinde
743 2142 847 2237 quod
860 2162 985 2243 negat,
1002 2143 1140 2214 Lucre-

164 2251 207 2323 sii
231 2253 424 2324 lectionem
455 2253 585 2324 oratori
612 2252 778 2345 prodesse
804 2278 906 2347 posse
931 2252 979 2323 ad
1004 2277 1139 2346 corpus

165 2362 395 2453 eloquentiae
409 2359 725 2446 constituendum,
742 2361 831 2432 nihil
844 2383 1008 2454 unquam
1019 2361 1140 2467 Quin·

69 2564 70 2569 ἵ
165 2469 306 2544 tilianus
322 2472 440 2545 minus
461 2496 544 2544 vere
571 2474 713 2543 locutus
737 2490 798 2547 est.
816 2472 913 2544 Nam
935 2474 1007 2544 sive
1024 2473 1140 2547 verba

166 2579 359 2674 simplicia,
373 2604 415 2651 ac
426 2581 589 2674 propria,
604 2598 641 2651 et
656 2581 902 2654 elocutionem
914 2581 1027 2677 ipsam
1041 2607 1140 2676 spec·

166 2708 240 2780 tes,
256 2691 376 2798 paucis
395 2688 597 2763 admodum
610 2690 727 2762 verbis
746 2691 926 2786 exceptis,
941 2716 1035 2785 quae
1046 2703 1140 2786 poe·

167 2815 204 2871 ta
216 2814 279 2877 aut
302 2823 367 2871 suo
392 2800 469 2871 iure
488 2798 617 2886 finxit,
641 2817 703 2873 aut
715 2799 761 2870 ab
774 2799 893 2873 Ennio
906 2817 942 2873 et
964 2799 1038 2871 aliis
1053 2801 1139 2876 licta

167 2908 372 3005 usurpavit,
387 2927 506 3006 potest
519 2924 637 2982 orator
649 2935 696 2982 ex
708 2912 879 2993 sermonis
889 2934 1040 3012 genere,
1056 2936 1138 3005 quo

166 3015 352 3091 Lucretius
371 3038 423 3092 est
441 3044 544 3110 usus,
566 3020 767 3092 orationem
788 3045 888 3091 suam
903 3021 1039 3093 efficere
1060 3019 1140 3113 pri-

167 3156 273 3204 mum
291 3130 475 3224 puriorem
489 3149 600 3227 atque
610 3131 877 3228 elegantiorem,
892 3128 1026 3225 deinde
1043 3131 1140 3201 ube-

159 3245 298 3318 riorem
313 3267 352 3314 ac
367 3244 591 3317 nitidiorem:
607 3243 679 3315 sive
693 3259 730 3315 te
742 3241 788 3313 ad
800 3266 920 3314 rerum
936 3241 1140 3314 tractanda-

163 3378 251 3425 rum
263 3352 438 3440 rationem
454 3371 659 3451 convertas,
673 3353 800 3449 habet,
815 3350 914 3423 unde
926 3350 1039 3424 facere
1052 3372 1137 3446 pos·

169 3463 213 3537 sit
221 3466 420 3535 orationem
432 3463 634 3552 elatiorem,
647 3461 885 3563 grandiorem,
893 3461 1137 3538 excelsiorem.

219 3574 544 3678 Quemadmodum
561 3576 657 3648 enirn
678 3573 728 3647 M
742 3574 883 3645 Tullius
903 3573 1074 3646 Periclem
1092 3573 1140 3643 il·

168 3687 267 3769 lum,
281 3686 346 3779 qui
361 3685 554 3786 fulgurare,
566 3701 714 3774 tonare,
728 3685 938 3780 permiscere
952 3682 1139 3755 Graeciam

120 3892 124 3896 ,
169 3793 381 3893 dicebatur,
400 3821 443 3869 eo
462 3797 583 3868 ceteris
596 3795 796 3872 oratoribus
808 3793 1017 3892 praestitisse
1030 3791 1138 3882 dicit,
