2572 4732
164 350 205 417 tt
276 398 278 403 .
375 346 440 413 DE
469 345 657 409 RERUM
683 340 900 409 NATURA

227 486 380 554 entim,
395 506 424 543 v.
434 488 481 556 ⁸⁸3
490 513 503 526 ·
513 484 574 554 906.
594 486 732 555 docetque,
748 500 857 542 mortem
872 504 928 555 nop
942 502 1002 544 ctae
1016 469 1129 553 malum,

227 582 287 654 qnia
296 584 390 634 mortni
400 596 453 633 non
467 577 596 648 indigeant
608 580 700 642 bonis,
712 580 805 649 quibus
818 580 876 632 viri
889 580 1030 651 gaudeant,
1039 596 1128 651 nque

226 676 285 730 istis
302 674 434 728 doloribus
451 671 609 732 crucientur,
626 670 670 738 qui
685 671 794 735 miseros
814 673 934 725 mortales
948 669 1079 743 affligant,
1095 689 1125 728 v·

226 785 298 839 907.
310 784 370 838 943.
389 765 470 817 vitam
485 763 559 815 etiam
576 763 654 832 ipram
672 781 724 816 non
739 780 797 818 erre
811 754 1017 840 desiderabilem,
1028 751 1126 835 qnippe

228 875 293 932 quae
302 860 365 915 nihil
377 857 441 911 novi
451 854 609 918 affermmed
618 854 719 909 easdem
730 871 830 925 semper
839 857 988 925 voluptates
1001 855 1134 926 nsqoed'

228 967 346 1006 ntusoam
356 947 544 1012 subministret,
563 964 590 1000 v.
602 963 669 1015 944-
677 949 737 1013 988.
759 947 825 1000 Tum
834 959 862 1001 et
874 947 999 1003 terrificas
1013 950 1127 1018 fabular,

228 1056 290 1110 quus
302 1040 394 1108 poe'tac
406 1035 513 1090 suntde
523 1034 613 1089 inferis
627 1046 655 1087 et
668 1037 760 1104 poenis
778 1047 840 1104 port
852 1051 959 1092 mortem
969 1040 1125 1107 commenti,

166 1146 169 1151 ·
227 1131 361 1202 allegorice
376 1128 480 1198 quadam
492 1127 702 1196 interpretatione
712 1130 812 1191 elevat,
821 1131 926 1198 v.989·
936 1129 1010 1200 1036.
1023 1132 1126 1186 adcon·

227 1224 355 1279 retendant
365 1221 435 1274 vitre
450 1219 610 1290 fragilitatem
622 1218 697 1271 etism
711 1218 833 1273 historiae
842 1234 909 1272 voce
919 1235 999 1283 usus,
1008 1237 1075 1290 qnae
1087 1238 1126 1276 ra·

227 1312 399 1384 pientissimos
414 1310 508 1381 pariter
520 1322 598 1378 rtqne
609 1306 800 1378 potentissimos
814 1307 929 1362 hominen
937 1309 989 1364 vim
1001 1309 1127 1365 diraeno

227 1405 354 1459 cessitatir
365 1404 476 1457 sensisse
487 1401 635 1464 admouent,
649 1388 679 1454 γ’.
689 1414 755 1468 ¹037
766 1427 778 1442 ·
786 1415 859 1465 ¹057·
874 1399 991 1470 Denique
999 1404 1123 1457 morrrler

226 1495 264 1548 ait
272 1495 350 1546 vitam
363 1491 495 1546 sollicitent
502 1504 528 1543 et
536 1489 673 1559 inquietent
684 1504 774 1558 agere,
785 1487 855 1556 quod
865 1487 954 1540 mortis
962 1489 1056 1542 iustam
1064 1507 1124 1545 con.

226 1589 415 1657 temptationem
426 1585 564 1654 refugiant,
582 1600 611 1635 v.
624 1584 705 1647 1058·
714 1576 966 1651 1088.·srotteque'et
978 1583 1068 1655 inepte
1076 1603 1125 1639 vo.

227 1683 262 1735 tis
272 1680 387 1734 omnibns
399 1696 453 1733 eam
460 1678 540 1730 vitant
553 1689 688 1745 expetere,
701 1692 775 1744 quant
786 1676 919 1744 aliqnando
929 1675 1123 1745 minuitur,

227 1788 291 1841 quae
304 1771 395 1822 nullam
407 1785 498 1823 novant
509 1769 666 1836 voluptatem
679 1766 759 1830 forat,
770 1767 911 1821 innotueris
921 1784 984 1822 vero
990 1769 1123 1826 doloribus

227 1878 256 1918 et
270 1864 391 1931 periculis
403 1863 517 1916 obnoxia
529 1862 563 1914 sit
569 1880 580 1926 3
594 1862 741 1931 praesertim
757 1879 814 1914 cunt
825 1862 938 1917 vivendo
946 1877 975 1919 et
984 1866 1122 1920 merendo

226 1954 290 2007 nihil
302 1955 434 2009 derraltsnr
444 1956 476 2009 de
486 1967 601 2024 ternpore
613 1956 718 2023 mortis,
727 1971 791 2025 qnae
800 1972 888 2012 omnes
896 1968 1124 2028 nancataeternr,

226 2061 255 2097 v.
269 2045 437 2115 nep-1107.

164 2209 234 2347 Ο
249 2303 404 2351 nnnuunrs
414 2284 512 2350 tantis
527 2293 595 2348 tam
610 2279 737 2349 clarum
755 2284 912 2350 extollere
925 2285 1043 2351 lumen

44 2380 47 2384 ’
161 2390 230 2475 Qui
244 2391 372 2474 primus
384 2389 534 2475 potuisti,
550 2390 719 2455 illustrans
733 2394 908 2455 commoda
920 2391 1026 2475 vitoe,

160 2494 209 2555 Te
225 2514 356 2576 sequor,
368 2516 389 2558 o
401 2494 519 2558 Graius
534 2494 641 2580 gentis
651 2496 767 2559 decus-1
784 2496 887 2578 inque
902 2496 966 2562 tuin
977 2519 1084 2564 nuuc

159 2595 250 2659 Ficta
263 2601 385 2683 pedum
399 2618 490 2681 porto
501 2599 620 2681 proruis
631 2585 769 2688 vestigia
783 2603 902 2689 signis3

160 2702 236 2766 Non
248 2701 294 2765 ito
304 2701 451 2766 certandi
461 2701 614 2786 cupidus,
624 2723 723 2785 quatu
733 2718 869 2794 propter
880 2727 1046 2793 amorem,

161 2817 260 2902 Quod
269 2823 300 2879 lc
309 2815 433 2883 imitari
443 2833 536 2877 aveo.
549 2813 638 2898 Quid
647 2811 736 2877 enim
746 2819 921 2883 contendat
931 2819 1078 2885 hirundo

108 2971 110 2976 .
161 2920 371 3003 Cycnisiout
380 2918 540 3001 quidnam
551 2920 698 2983 tremulis
711 2920 819 2986 facete
829 2902 964 2991 artubus
976 2922 1077 2989 hacdi

160 3025 339 3091 Consimilc
351 3025 388 3089 in
402 3046 497 3089 cursu
509 3023 654 3109 possint,
667 3036 699 3088 ct
712 3025 806 3092 fortis
818 3029 897 3110 equi
905 3029 978 3095 vis?

159 3130 224 3211 Tu,
239 3133 350 3212 Pater,
359 3150 515 3194 esserum
526 3128 695 3208 inventor,
715 3139 750 3192 tu
765 3133 871 3214 patria
883 3136 980 3199 nobis

141 3249 143 3253 ·
159 3234 354 3317 suppeditas
364 3243 556 3316 praccepta,
567 3233 764 3318 tuisqueex,
774 3236 914 3321 inclute,
926 3240 1068 3327 chartis,

158 3342 325 3406 Floriferis
336 3353 374 3405 ut
386 3360 464 3424 apes
475 3341 512 3403 in
522 3339 658 3405 saltibus
667 3341 781 3405 omnia
793 3343 929 3431 limant,

161 3444 284 3535 Omnia
294 3465 354 3510 nos
365 3444 479 3509 itidem
492 3444 700 3529 depascimur
708 3466 809 3511 aurea
822 3451 925 3531 dicta,

158 3550 282 3632 Aurea,
292 3562 451 3636 perpetua
460 3573 591 3636 semper
601 3553 794 3642 dignissima
804 3557 881 3622 vita.

199 3655 282 3717 Nam
295 3657 392 3721 simul
405 3676 444 3720 cc
455 3657 540 3722 ratio
554 3669 610 3722 tua
624 3662 915 3744 coepitvocifernri

159 3757 316 3823 Naturam
325 3782 451 3846 rorum,
461 3763 552 3826 houd
562 3760 675 3830 diviua
689 3777 801 3834 mente
811 3776 975 3853 coortam,
