2550 4726
273 373 757 457 utut-:ntum
978 403 1015 467 ις
1128 436 1132 449 ,

97 514 266 601 Denique,
278 519 427 583 materies
437 518 466 584 si
477 542 588 585 rerum
596 524 693 587 nulla
706 524 830 608 fuisset,

48 623 123 717 xNec
132 628 240 708 locus,
250 646 289 690 ac
297 628 457 710 spatium,
469 630 563 692 resin
573 650 639 710 quo
652 606 801 712 quaeque
811 642 987 720 geruntur:
1007 652 1011 657 ·

57 720 237 812 Nunquam
246 731 447 816 Tyndaridis
457 733 582 796 formae
596 736 753 800 conflatus
763 758 877 802 amore
931 778 934 783 ,
959 794 963 809 ‚

57 837 149 924 IgnIs
154 838 351 920 ,Alexandri
365 837 511 926 Phrygio
526 841 587 902 sub
603 850 737 922 pectore
748 822 902 929 gliscens,

60 944 157 1005 Clara
167 944 366 1008 accendisset
379 945 468 1008 sacri
480 945 658 1008 certamina
676 947 774 1028 betti,

57 1050 125 1112 Nec
138 1051 223 1112 clam
234 1050 388 1113 durateus
396 1047 548 1113 Troianis
562 1053 723 1138 Pergama
739 1062 836 1135 partu

59 1152 297 1215 Inflammasset
311 1171 414 1232 equus
430 1163 592 1216 nocturno
604 1155 882 1242 Graiugenamm:

59 1254 247 1338 Perspicere
261 1266 297 1318 ut
309 1254 431 1338 possis,
445 1278 495 1320 res
507 1267 613 1345 gestas
625 1259 772 1325 funditus
784 1263 927 1346 omneis,

59 1368 134 1427 Non
147 1364 209 1446 ita,
218 1364 268 1428 uti
278 1384 412 1447 corpus,
423 1385 483 1447 per
495 1385 529 1427 se
541 1375 702 1446 constare,
716 1386 824 1446 neque
838 1387 921 1430 esse:

58 1474 127 1534 Nec
137 1471 387 1535 rationccluere
397 1454 529 1554 eadem,
539 1493 605 1552 qua
619 1483 744 1537 constat
760 1473 877 1536 inane:
895 1554 898 1561 Ι

58 1579 123 1640 Sed
139 1576 243 1664 magis
258 1586 294 1640 ut
308 1577 426 1640 merito
439 1576 543 1660 possis
556 1588 673 1641 eventa
690 1598 810 1641 vocare

59 1685 231 1768 Corporis,
240 1694 339 1766 atque
351 1683 432 1766 ioci,
445 1704 496 1746 res
506 1683 544 1746 in
553 1702 621 1765 quo
637 1704 787 1766 quaeque
799 1694 967 1770 gerantur.
1010 1702 1016 1723 ¹

102 1794 250 1873 Corpora
260 1801 336 1853 sunt
345 1808 446 1872 porro
456 1791 576 1872 partim
591 1791 774 1874 primordia
789 1811 919 1872 rerum,

57 1897 185 1960 Partim
201 1880 341 1960 concilio
355 1914 440 1978 quae
456 1907 605 1965 constant
617 1897 869 1981 principiorum.
959 1897 1017 1974 485

58 2000 137 2081 Sed,
153 2019 240 2079 quac
257 2008 332 2061 sunt
348 2019 461 2058 rerum
474 2000 676 2081 primordia,
690 2002 783 2062 nulla
795 2000 974 2082 potcstris

58 2099 244 2184 stringere,
256 2112 334 2161 nam
345 2098 451 2161 solido
462 2098 601 2161 vincunt
615 2120 654 2161 ea
671 2121 811 2183 corpore
827 2103 976 2179 demum:

59 2207 126 2271 Etsi
144 2203 279 2269 difficile
295 2225 364 2269 esse
375 2204 507 2268 videtur
523 2191 670 2288 credere,
682 2207 863 2287 quidquam

58 2311 99 2371 In
114 2312 214 2373 rebus
229 2309 335 2372 solido
350 2309 489 2392 reperiri
505 2329 644 2393 corpore
657 2331 769 2392 posse:

60 2419 192 2481 Transit
201 2418 291 2480 enim
303 2417 432 2480 fulmen
447 2417 531 2480 coeli
544 2438 603 2500 per
618 2430 730 2501 saepta
746 2419 938 2505 domorum,
989 2452 992 2459 ·

62 2524 198 2584 Clamor
210 2532 265 2603 ut,
277 2541 315 2584 ac
327 2541 438 2584 voces:
453 2520 577 2585 ferrum
594 2523 757 2586 candescit
766 2522 801 2587 iu
811 2523 899 2612 igni:

62 2627 299 2707 Dissiliuntquc
315 2626 384 2689 sere
396 2626 536 2689 ferventi
551 2645 628 2688 saxa
642 2647 781 2709 vapore:

62 2737 346 2800 Conlabesactatus
358 2735 449 2822 rigor
461 2732 535 2798 auri
548 2736 687 2798 solvitur
699 2747 809 2800 aestu:
909 2794 923 2801 ..

61 2847 147 2909 Tum
160 2842 282 2931 glacies
298 2845 398 2924 aeris,
412 2844 544 2905 damma
561 2844 703 2922 devicta,
716 2843 881 2922 liquescit:
904 2880 907 2885 -

62 2950 238 3012 Permanat
254 2951 344 3012 calor
359 2959 549 3033 argentum,
558 2946 792 3028 penetraleque
804 2944 924 3028 frigus:

63 3060 206 3144 Quando
217 3069 393 3139 utrumque
405 3073 519 3136 manu,
535 3051 713 3115 retinentes
725 3051 845 3134 pocula
857 3048 931 3132 rite,

64 3164 244 3242 Sensimus,
256 3162 365 3224 infuso
376 3161 590 3242 lympharum
601 3177 677 3219 rore
692 3175 848 3238 superne:

65 3274 174 3352 Usque
186 3273 270 3333 adeo
285 3269 320 3330 in
337 3269 433 3331 rebus
449 3265 546 3328 solidi
561 3264 646 3326 nihii
660 3284 728 3327 esse
741 3263 881 3327 videtur.

65 3375 126 3436 Sed
139 3376 219 3456 quia
230 3394 308 3458 vcra
320 3358 433 3436 ¹tamen
450 3371 545 3454 ratio,
568 3381 750 3450 naturaque
767 3391 879 3433 rerum

66 3485 174 3571 Cogit,
184 3485 277 3567 ades,
285 3485 399 3565 paucis
413 3484 493 3545 dum
510 3481 656 3544 versibus
670 3479 899 3562 expediamus,

67 3591 138 3653 Esse
149 3611 204 3670 ea,
215 3611 301 3671 quae
311 3590 418 3653 solido
428 3598 529 3669 atque¹
535 3598 667 3650 aeterno
679 3605 815 3667 corpore
826 3591 989 3664 constent:

68 3694 193 3757 Semina
203 3714 288 3776 quae
299 3680 424 3776 reruni,
433 3692 699 3776 primordiaque,
710 3711 777 3752 csse
790 3692 961 3754 docemus:

71 3799 161 3864 Unde
171 3796 281 3867 omnis
292 3810 402 3866 rerunt
413 3822 504 3867 nunc
515 3811 638 3867 constet
649 3817 778 3867 summa
794 3807 910 3863 uecta.
