2550 4726
422 342 625 409 LIBER
665 343 692 409 ΙὉ
731 346 851 411 naba.
1076 358 1114 417 :a

161 493 204 556 Ao
219 509 322 573 quom
338 464 453 554 mollis
460 508 566 572 aquae
584 492 688 554 fertur
701 500 819 556 natura
835 501 970 576 repente

159 603 308 664 Flumine
322 599 515 683 abundanti,
536 603 626 680 quod
641 601 743 687 largis
758 602 920 668 imbribus
936 614 1034 693 auget

155 705 324 768 Montibus
344 725 384 764 ex
399 703 475 765 altis
491 721 630 789 magnus
647 705 801 769 decursus
821 712 937 791 aquai,

156 808 332 894 Fraguriua
345 806 522 870 coniicierls
534 807 692 869 silvarum
698 814 708 888 ,'
730 809 928 889 arbustaque
947 817 1032 874 tota:

154 910 223 972 Nec
233 909 335 971 validi
348 918 484 990 possunt
498 920 614 991 pontes
630 911 790 975 venientis
799 918 901 995 aquai
1010 942 1015 953 ·

154 1016 234 1081 Vim
244 1014 387 1078 subitam
400 1017 556 1092 tolerare3
570 1015 630 1098 ita,
645 1038 767 1103 magno
786 1019 936 1083 turbidus
951 1021 1054 1085 imbri
1141 1083 1146 1089 .

154 1121 302 1185 Molibus
314 1122 468 1204 incurrit,
485 1118 603 1186 validis
619 1145 695 1186 curn
710 1122 852 1208 viribus,
873 1129 994 1204 amnis3

153 1229 220 1288 Dat
235 1227 345 1290 sonitu
362 1247 483 1314 magno
499 1237 655 1312 stragem3
675 1230 843 1312 volvitque
860 1236 920 1295 snb
935 1234 1033 1297 undis

151 1334 302 1396 Grandia
319 1353 411 1412 saxa;
431 1332 498 1396 ruit
510 1331 576 1414 qua
587 1335 770 1416 quidquam
788 1336 939 1400 fluctibus
953 1341 1069 1402 obstat.

154 1441 208 1502 Sic
227 1441 328 1525 igitur
343 1443 464 1503 debent
478 1439 568 1521 quui
586 1458 721 1522 quoque
737 1440 871 1502 flamina
886 1441 983 1503 ibrri:

153 1550 267 1631 Quae,
282 1541 385 1611 veluti
404 1544 552 1611 validum
569 1563 670 1628 quom
685 1549 806 1609 tlurnen
820 1549 1025 1632 procubuere

155 1656 347 1738 Quamlibet
363 1655 399 1718 in
415 1665 560 1739 partem,
577 1656 713 1717 trudunt
726 1674 777 1717 res
791 1665 883 1733 ante,
902 1663 1069 1734 ruuntque

153 1755 336 1838 Impetibus
350 1758 487 1838 crebris;
506 1759 672 1823 interdum
688 1758 812 1821 vortice
831 1767 918 1821 torto

152 1857 363 1943 corripiunt,
381 1860 553 1944 rapidique
565 1861 688 1925 'rotanti
704 1859 835 1922 turbine
854 1869 996 1943 portant.

153 1966 268 2048 Quare
284 1959 384 2026 etiam
401 1975 497 2045 atque
514 1966 612 2026 etiam
630 1975 705 2026 sunt
720 1963 813 2026 venti
826 1984 966 2047 corpora
982 1958 1093 2031 caeca:
1179 1986 1183 1994 ’

150 2062 433 2156 Quandoquidem
441 2074 543 2153 sactis,
557 2084 587 2136 et
599 2073 764 2154 moribus,
777 2076 906 2136 aemula
916 2076 1045 2160 magnis
1056 2095 1112 2158 297
1130 2104 1135 2112 ·

152 2176 318 2239 Amnibus
335 2174 570 2258 inveniuntur,
585 2187 698 2260 aperto
715 2197 854 2259 corpore
865 2177 923 2258 qui
939 2191 1024 2242 sunt.

193 2281 281 2341 Tum
300 2299 401 2362 porro
417 2281 525 2344 varios
536 2301 647 2344 rerum
666 2282 824 2344 sentimus
841 2285 973 2366 odores,

152 2389 222 2448 Nec
235 2396 344 2448 tamen
359 2389 403 2449 ad
418 2388 525 2452 nareis
537 2389 717 2452 venienteis
733 2389 898 2454 cernimus
909 2410 1073 2473 unquam:

155 2495 224 2556 Neu
236 2493 363 2558 validos
375 2504 481 2558 aestus
496 2495 634 2578 tuimur,
653 2516 714 2560 nec
728 2496 852 2583 frigora
863 2498 994 2579 quimus

152 2597 322 2679 Usurpare
334 2599 453 2681 oculis,
470 2620 532 2663 uec
544 2621 640 2665 voces
655 2623 789 2698 cernere
802 2623 952 2667 suemust

152 2705 249 2786 Quae
262 2715 372 2767 tamen
381 2707 495 2768 omnia
509 2726 667 2790 corporea
682 2720 830 2773 constare
844 2730 973 2775 necesse
985 2721 1033 2774 est

152 2813 296 2890 Natura3
316 2811 594 2893 qnoniamsensus
611 2814 782 2897 impellere
800 2829 953 2900 possunt:
1155 2894 1158 2900 .

143 2916 305 3003 'Tangere
313 2920 402 2982 enim
413 2927 470 2979 aut
481 2916 587 3002 tangi,
600 2918 662 2980 nisi
674 2937 807 3000 corpus,
820 2921 912 2979 nulla
922 2929 1028 2998 potest
1037 2936 1101 2984 res.

192 3022 345 3102 Denique
354 3023 538 3110 fluctifrago
551 3042 727 3104 suspensae
745 3021 782 3082 in
798 3020 894 3082 litore
906 3030 1011 3082 vestes

147 3120 335 3200 Uvescunt3
349 3126 482 3186 eaedem
499 3123 672 3205 dispansae
686 3123 722 3184 in
737 3122 805 3184 sole
822 3131 1019 3203 serescunttr

152 3232 197 3288 At
211 3248 332 3309 neque,
344 3251 410 3311 quo
421 3241 518 3314 pacto
529 3228 709 3314 persederit
724 3232 846 3291 humor
863 3231 979 3311 aquai,
1036 3252 1038 3260 ·

152 3327 271 3392 Visum
291 3308 355 3412 est',
374 3354 434 3395 neo
450 3353 580 3396 rursum
595 3353 663 3417 quo
680 3344 776 3415 pacto
788 3334 910 3420 fugerit
927 3342 1028 3398 aestu·

118 3433 121 3437 ’
151 3435 194 3496 Iu
210 3455 327 3517 parvas
339 3436 442 3522 igitur
457 3436 577 3521 parteis
590 3437 789 3522 dispergitur
801 3438 940 3522 humor,

150 3544 245 3626 Quas
258 3543 348 3633 oculi
362 3546 453 3607 nulla
469 3554 603 3626 possunt
618 3544 744 3607 ratione
760 3545 883 3606 videre.

197 3647 287 3730 Quin
304 3648 422 3729 etiam,
438 3648 548 3709 multis
567 3647 645 3710 solis
660 3648 874 3711 redeuntibus
889 3648 998 3731 annio,

150 3756 304 3819 Annulns
314 3755 351 3818 in
361 3756 466 3845 digito
478 3757 901 3824 subtertenuaturbabendo
914 3779 923 3821 :
