2550 4726
272 337 310 399 aa
476 330 549 395 un
573 319 762 434 annun
786 332 1001 398 urrurrr
1061 357 1094 399 v.
1117 308 1189 420 7⁵9}

271 479 422 561 Quorum
434 480 612 555 utrumque
625 472 706 553 quid
719 491 740 535 a
752 493 831 535 vero
848 471 914 536 iam
925 474 1040 558 distet,
1055 478 1217 543 habebar.

311 581 439 643 Deinde
449 579 584 642 inimica
595 576 705 645 modis,
717 577 829 642 multis
841 586 934 661 sunt,
944 592 1044 663 atque
1057 604 1189 647 venena

270 687 358 770 Ipsa,
374 685 438 747 sibi
449 686 534 747 inter
545 705 597 747 se:
612 704 714 765 quare
729 694 786 745 aut
802 705 974 773 congressa
989 688 1163 773 peribunt,

272 794 338 856 Aut
352 792 396 854 ita
412 787 600 876 diffugient,
617 799 668 872 ut,
687 800 875 872 tempestate
891 803 1024 875 coacta,

272 897 425 960 Fulmina
434 892 717 983 diffugere,atque
724 895 865 978 imbreis,
875 900 1232 980 ventosquevidemur.

310 1000 476 1082 Denique,
489 1009 631 1081 quatuor
641 1021 682 1061 ex
695 1002 791 1063 rebus
806 999 835 1062 ri
851 1011 969 1066 cuneta
984 1016 1157 1090 creantur,

268 1105 376 1186 'Atque
392 1103 428 1167 in
440 1125 496 1168 eas
505 1125 636 1167 rursum
650 1126 701 1167 res
719 1103 831 1167 omnia
845 1104 1086 1189 dissolvuntur,

271 1201 338 1292 Qui
350 1205 454 1293 magis
472 1207 532 1271 illa
549 1215 674 1288 queunt
691 1228 802 1271 rerum
817 1206 999 1291 primordia
1012 1208 1092 1294 diei,

240 1357 242 1361 ,
271 1317 380 1399 Quam
392 1322 505 1377 contra
516 1335 567 1377 res
582 1311 732 1396 illorum,
753 1324 907 1395 retroque
923 1315 1060 1399 putari?
1186 1382 1191 1389 ,

149 1493 157 1509 1
271 1416 411 1479 Alternis
427 1416 609 1504 gignuntur
626 1415 732 1499 enim,
748 1425 942 1499 mutantque
956 1419 1118 1504 oolorem,
1228 1484 1232 1489 ,

271 1523 312 1585 Et
325 1532 432 1603 ⁸totam
444 1522 530 1591 inter
547 1545 581 1586 se
598 1532 768 1603 naturam,
785 1531 934 1606 tempore
948 1525 991 1588 ab
1002 1524 1103 1589 omni.

272 1628 330 1692 Sin
344 1628 390 1691 ita
404 1630 488 1693 forte
498 1639 593 1711 putas
603 1629 691 1716 ignis
708 1639 877 1710 terraeque
890 1629 980 1694 coire

273 1735 414 1816 Corpus,
435 1743 466 1795 et
479 1731 583 1794 aerias
594 1752 703 1813 auras,
717 1752 891 1813 roremque
907 1731 1091 1817 liquorum,

272 1836 328 1901 Nil
341 1837 378 1899 in
393 1835 535 1901 concilio
552 1845 701 1900 naturam
718 1847 754 1899 ut
770 1845 874 1901 mutet
888 1857 1021 1917 eorum3

234 2020 240 2033 ι
273 1945 371 2007 Nulla
385 1942 447 2005 tibi
457 1964 498 2005 ex
512 1941 578 2006 illis
594 1942 715 2025 poterit
730 1963 783 2005 res
795 1961 864 2006 esse
879 1952 1007 2025 ereata,
1171 1954 1233 2030 773

274 2049 347 2111 Non
357 2047 525 2127 animans,
537 2066 604 2108 non
614 2044 766 2108 exanimo
780 2065 856 2107 eum
866 2063 1023 2128 corpore,
1032 2056 1069 2109 ut
1077 2051 1194 2131 arbos3

274 2151 407 2237 Quippe
416 2170 508 2217 suam
520 2149 667 2231 quidque
678 2149 712 2211 in
724 2159 817 2213 coetu
832 2148 989 2215 variantis
999 2153 1111 2217 acervi

274 2259 433 2320 Naturam
446 2258 611 2335 ostendet,
626 2253 811 2335 mixtusque
825 2248 991 2319 videbitur
1004 2260 1060 2321 aer

276 2365 359 2424 Cum
373 2371 458 2424 terra
469 2360 585 2441 simul,
603 2369 634 2421 et
647 2360 791 2439 quodam
805 2379 881 2421 cum
896 2378 988 2444 rore,
1005 2383 1164 2428 maneret

275 2471 317 2533 At
330 2468 512 2553 primordia
521 2468 700 2557 gignundis
714 2465 750 2529 in
767 2470 864 2531 rebus
878 2478 1007 2552 oportet

276 2575 433 2636 Naturam
449 2575 684 2637 clandestinam
697 2593 894 2655 caecamque
905 2575 1075 2654 adhibere3

275 2679 427 2742 Emineat
442 2679 596 2762 nequid,
618 2681 708 2759 quod
725 2689 838 2741 eontra
855 2692 980 2767 pugnet
995 2693 1028 2744 et
1045 2685 1171 2767 obstet,
1235 2728 1238 2737 ·

277 2787 353 2871 Quo
363 2784 474 2849 minus
486 2806 554 2850 esse
565 2795 662 2868 queat
672 2786 821 2869 proprie,
834 2789 1055 2870 quodcunque
1068 2802 1212 2856 creatur.

317 2892 408 2979 Quin
419 2892 518 2956 etiam
532 2903 684 2977 repetunt
698 2911 718 2955 a
732 2893 840 2976 coele,
855 2905 953 2975 atque
963 2895 1096 2981 ignibus
1109 2894 1202 2978 cium

277 3001 319 3064 Et
327 3000 471 3084 primurn
482 3000 607 3068 faciunt
618 2999 731 3084 ignem
739 3020 774 3064 se
784 3009 913 3064 vortere
926 3001 1069 3065 inauras

276 3105 387 3172 Aeris:
401 3105 480 3169 hinc
492 3105 633 3169 imbrem
649 3106 760 3193 gigni,
776 3114 962 3187 terramque
973 3106 1080 3171 creari
1096 3176 1100 3183 ,

277 3211 328 3273 Ex
344 3208 462 3288 imbri3
475 3217 628 3289 retroque
639 3228 659 3271 a
672 3219 758 3271 terra
773 3218 893 3271 cuneta
909 3208 1050 3292 revorti,

278 3317 463 3379 Humorem
478 3310 638 3399 primum,
653 3322 727 3395 post
742 3317 834 3395 aera,
851 3313 971 3377 deinde
985 3317 1148 3382 calorem:

279 3420 346 3485 Nee
362 3439 485 3484 cessare
503 3419 585 3482 haee
598 3417 684 3481 inter
697 3440 732 3482 se
748 3429 891 3502 mutare,
906 3440 1017 3484 meare

279 3530 308 3591 A
322 3531 414 3592 coelo
428 3529 472 3591 ad
484 3536 620 3609 terram,
637 3529 678 3591 de
694 3535 779 3592 terra
791 3532 834 3592 ad
845 3529 952 3593 sidera
970 3532 1105 3596 muudia

183 3686 185 3690 ,
280 3635 379 3717 Quod
392 3636 498 3700 faeere
513 3636 687 3698 baudullo
703 3637 823 3700 debent
835 3635 1017 3721 primordia
1032 3641 1140 3722 paeto.
1241 3700 1245 3707 .

280 3737 490 3804 Immutabile
505 3740 596 3805 enim
611 3738 768 3825 quiddam
781 3762 937 3827 superare
953 3764 1083 3835 necesse
1093 3753 1161 3825 θείς
1205 3792 1208 3797 -
1235 3800 1241 3809 .
