2550 4726
91 412 94 423 .
214 365 773 450 crunnum.
981 373 1035 458 e,-

24 602 29 607 ‘
64 515 335 598 Corportt,qrrom
345 518 499 580 deorsum
508 525 724 600 rectum,per
734 515 849 600 inane,
858 515 1023 599 lemur,-

63 625 264 690 Ponderibus
273 625 417 708 propriis
428 625 554 690 incerto
568 634 715 708 ternpore
728 624 851 708 ferme,

62 732 261 814 incertisque
270 733 366 814 locis,
378 733 486 816 spatio
496 733 663 818 depellere
673 733 844 816 paullum:

61 838 217 919 Tantum,
227 839 318 918 quod
331 858 467 902 momen
480 847 643 902 mutatum
658 838 768 903 dicere
780 838 895 922 possis.

99 946 201 1030 Quod
211 944 276 1009 nisi
286 944 453 1011 declinare
464 948 624 1030 solerent,
634 948 748 1012 omnic
762 949 934 1032 deorsum,

61 1052 178 1116 Imbris
191 1053 242 1115 uti
255 1063 382 1140 guttae,
393 1057 548 1118 cederent
558 1077 619 1138 per
631 1056 730 1120 inene
741 1057 963 1141 protundum

60 1157 125 1219 Nec
137 1157 223 1218 foret
235 1154 377 1224 offcmus
390 1168 500 1240 natus,
512 1181 573 1222 nec
585 1160 687 1247 plaga
700 1171 808 1224 creste
909 1170 914 1175 '

61 1262 253 1347 Principiis:
268 1265 314 1328 ite
327 1265 377 1329 nil
392 1286 540 1349 unquam
557 1275 676 1329 nature
690 1275 839 1331 creasset.

99 1373 200 1474 Qd
209 1372 238 1435 si
248 1373 333 1436 forte
344 1373 466 1454 aliquis
478 1373 595 1454 credit,
605 1374 759 1459 graviore
771 1385 901 1458 potesse
920 1426 923 1431 .

21 1488 26 1495 ‘
63 1478 227 1558 Corpore,
240 1496 308 1558 quo
318 1477 415 1540 citius
424 1489 552 1541 rectum
567 1498 629 1564 per
642 1479 743 1542 inane
756 1480 927 1564 teruntur,

61 1578 210 1643 Incidere
221 1600 369 1664 esupero
377 1583 574 1666 levioribus,
585 1592 684 1666 alque
694 1583 742 1647 ila
754 1587 872 1674 plagas

59 1682 219 1772 Gignere,
232 1708 317 1768 quae
327 1689 453 1772 possint
465 1690 637 1777 genitaleis
648 1692 787 1755 reddere
798 1701 927 1772 motus3

58 1791 160 1853 Avius
173 1811 193 1853 a
204 1812 283 1855 vera
298 1795 397 1882 longe
408 1795 537 1859 ratione
549 1797 682 1877 recedit.

56 1898 141 1957 Nam
158 1917 220 1979 per
235 1919 337 1981 aquas
352 1920 569 1982 quaecunque
585 1903 709 1969 cadunt
728 1911 827 1984 atqrie
844 1908 922 1966 altra

688 2003 861 2087 deorsum,
963 2011 1024 2071 220
1058 2006 1063 2015 “

55 2106 149 2168 Haec
160 2123 225 2187 pro
233 2102 439 2187 ponderibus
453 2122 546 2168 casus
560 2107 704 2169 celerare
719 2128 850 2172 neeesse
868 2117 929 2173 est:

55 2214 254 2296 Propterea,
267 2208 346 2292 quia
362 2230 481 2294 corpus
490 2230 597 2292 aquae
609 2221 794 2296 naturaque
805 2217 912 2282 tenuis

54 2319 168 2399 Aeris,
176 2320 267 2380 baud
277 2330 416 2408 possunt
427 2341 532 2403 aeque
544 2343 616 2386 rem
628 2344 795 2406 quamque
807 2326 952 2410 moreri3

54 2427 122 2488 Sed
133 2425 228 2489 citius
238 2427 375 2510 cedunt,
385 2428 593 2514 gravioribus
602 2443 808 2515 exsuperata.
878 2473 880 2477 -

55 2537 102 2595 At
114 2543 228 2597 contra
239 2533 340 2618 nulli,
354 2536 396 2598 de
409 2537 502 2599 nulla
512 2547 618 2620 parte,
630 2559 739 2621 neque
751 2538 822 2602 ullo

54 2641 236 2721 Tempore,
247 2636 348 2702 inane
362 2649 468 2722 potest
477 2658 621 2704 vacuum
630 2641 805 2706 subsistere
817 2644 882 2720 rei3

54 2740 163 2826 Quin,
175 2762 235 2805 sua
245 2742 335 2822 quod
347 2752 464 2804 natura
475 2741 571 2826 petit,
583 2746 765 2837 concedere
777 2755 903 2833 pergat.

55 2845 181 2910 Omnia
192 2856 393 2929 quapropter
408 2848 530 2910 debent
542 2848 714 2929 perinane
726 2847 876 2929 quietum

53 2954 185 3034 Aeque,
197 2949 400 3034 ponderibus
413 2970 482 3011 non
496 2950 626 3031 aequis,
640 2948 769 3011 concita
781 2949 872 3012 ferri.

52 3058 158 3120 Hand
167 3055 268 3149 igitur
277 3064 434 3138 poterunt
444 3037 625 3117 levioribus
635 3052 782 3119 incidere
795 3071 943 3134 unquam

53 3163 106 3224 Ex
123 3179 242 3243 supero
256 3156 428 3246 graviora,
440 3178 549 3239 neque
560 3157 643 3220 ictus
655 3157 792 3244 gignere
803 3178 924 3244 perse,

55 3264 126 3350 Qui
140 3262 270 3327 varient
281 3271 407 3344 motus,
420 3280 481 3345 per
494 3280 577 3342 quos
592 3270 711 3322 natura
723 3272 815 3346 gerat
830 3282 892 3324 res.

98 3371 210 3454 Quare
223 3365 322 3430 etiam
333 3377 431 3448 atque
440 3365 541 3430 etiarn
549 3367 699 3450 paullum
709 3365 872 3432 inclinare
886 3386 946 3429 ηε·

712 3496 799 3542 cesse
810 3485 858 3538 est

52 3585 222 3666 Corpora,
232 3600 295 3646 nec
305 3582 381 3670 plus
393 3599 493 3663 qnam
506 3577 708 3658 minumum,
717 3600 760 3643 ne
769 3579 896 3666 fingere
907 3588 1019 3650 mobis

53 3687 223 3769 Obliquus
234 3687 421 3768 videamur,
433 3695 465 3748 et
477 3685 512 3748 id
525 3706 576 3749 res
585 3706 664 3749 vere
674 3685 804 3748 refutet.

50 3798 278 3878 Namqueboc
289 3796 326 3861 in
341 3802 475 3883 promtu
484 3795 761 3878 manifestumque
769 3812 840 3861 esse
847 3793 1016 3878 videmus,

152 3899 301 3954 smnus:
725 3915 744 3964 4
