2550 4726
182 373 223 437 6²
392 370 460 434 DE
487 368 681 432 RERUM
707 367 924 431 NATURA
977 388 1009 429 v.
1031 366 1101 429 625.

221 514 308 600 Ergo
322 530 423 593 quom
441 511 586 596 primum
599 559 606 588 ,
619 528 754 596 magnas
767 509 897 572 invecta
912 527 973 590 per
984 507 1114 596 urbeis,

101 657 103 661 ·
180 618 354 685 munificat
366 616 464 681 tacita
477 617 644 679 mortaleis
663 626 754 678 muta
767 615 871 678 salute
882 635 892 677 s

180 729 266 797 Aere
279 738 377 806 atque
396 734 532 812 argento
550 732 699 786 sternunt
712 720 774 784 iter
792 740 893 783 omne
910 717 1057 803 viarum,

180 829 346 917 Largifica
354 829 437 911 stipe
451 827 608 904 ditantes3
625 827 834 912 ninguntque
847 844 999 888 rosamm

182 933 347 1011 Floribus,
363 934 553 996 umbrantes
570 933 708 992 Matrem
725 929 949 1009 comitumque
961 939 1140 994 catervams

182 1034 246 1101 Hie
261 1038 385 1095 armata
395 1051 516 1100 ¹manus
525 1079 535 1112 ,
554 1035 689 1094 Curetas
705 1030 842 1094 nomine
854 1031 973 1094 Graeci

182 1143 274 1225 Quos
287 1147 471 1205 memorant
489 1138 667 1223 Phrygios,
687 1137 774 1200 inter
786 1157 821 1200 se
835 1137 919 1199 sorte
937 1145 1069 1203 catenus
1131 1176 1138 1189 ·

181 1246 331 1326 Ludunt,
346 1244 380 1306 in
392 1263 632 1323 numerumque
644 1244 823 1324 exsultant,
834 1242 995 1328 sanguine
1013 1236 1101 1306 tletia

182 1349 355 1416 Terriiieas
364 1348 509 1432 capitum
525 1348 706 1429 quatientes
723 1348 861 1410 numine
878 1349 1006 1411 cristas:

183 1455 334 1521 Dictaeos
350 1456 496 1517 referunt
510 1456 663 1536 Curetas,
684 1454 742 1535 qui
757 1455 846 1518 lovis
859 1456 956 1517 illum

145 1598 148 1603 >
183 1561 341 1648 Vagitum
354 1560 392 1622 in
407 1561 502 1621 Creta
519 1560 689 1639 quondam
703 1559 882 1622 occultasse
898 1559 1065 1639 feruntur3
1089 1610 1091 1614 Α

183 1666 294 1748 Quom
308 1662 405 1745 pueri
415 1659 540 1723 circum
558 1681 701 1743 puerum
717 1660 851 1743 pernice
869 1662 1006 1743 chorea,
1023 1682 1027 1693 ’

183 1768 324 1850 Armati,
347 1767 383 1830 in
395 1786 572 1829 numerum
589 1768 759 1850 pulsarent
772 1767 904 1830 aeribus
920 1786 996 1829 aera
1005 1812 1017 1849 ,

184 1875 233 1936 Ne
242 1873 400 1934 Saturnus
414 1892 490 1932 eum
508 1871 606 1934 malis
620 1872 791 1936 mandaret
807 1874 961 1954 adeptus,

111 2034 113 2039 ,
142 2000 145 2007 ’
184 1983 428 2061 Aeternumque
442 1977 534 2039 daret
550 1979 648 2041 matri
658 1982 720 2042 sub
737 1990 871 2062 pectore
884 1979 1014 2040 volnus.
1082 1981 1142 2061 ⁶39

154 2098 158 2103 '
184 2088 362 2173 Propterea
373 2108 528 2174 magnam
541 2090 660 2152 armati
669 2093 809 2152 Matrem
821 2088 1038 2152 comitantur:

185 2195 266 2274 Aut,
282 2192 362 2274 quia
370 2191 554 2279 significant
564 2193 684 2256 Divom
700 2193 904 2276 praedicere,
921 2202 959 2256 ut
973 2192 1077 2256 armis

79 2387 80 2390 Ἴ
184 2288 232 2363 Ac
243 2301 363 2365 virtute
375 2301 478 2364 velint
492 2301 635 2385 patriam
649 2301 827 2363 defendere
844 2310 986 2378 terram3

185 2407 419 2486 Praesidioque
436 2416 553 2490 parent
564 2406 741 2487 decorique
757 2406 947 2489 parentibus
964 2427 1043 2470 esse.
1063 2444 1065 2448 ι

228 2509 336 2591 Quae,
354 2508 439 2569 bene
451 2516 482 2568 et
495 2506 615 2570 eximie
628 2507 780 2588 quamvis
796 2507 939 2593 disposta
951 2512 1120 2595 ferantur,

186 2611 301 2696 Longe
314 2620 390 2673 sunt
406 2620 514 2674 tamen
530 2632 551 2673 a
569 2634 649 2676 vera
665 2614 795 2677 ratione
813 2620 957 2698 repulsa.

188 2714 306 2777 Omnis
322 2716 410 2778 enim
424 2737 485 2799 per
494 2737 529 2780 se
540 2717 662 2780 Divom
676 2730 793 2781 natura
812 2742 942 2786 necesse
958 2730 1006 2788 est

186 2823 371 2887 Immortaii
389 2845 471 2889 aevo
486 2847 615 2889 summa
627 2849 702 2890 cum
714 2849 795 2910 paee
808 2830 950 2915 fruatur,

31 2983 48 3009 ,Ι
72 3020 85 3029 ἦ
189 2931 348 2992 Semotaa
362 2928 479 2994 nostris
492 2933 609 3014 rebus,¹
626 2931 837 3014 seiunctaque
849 2937 960 3022 longe.
983 2949 985 2953 ’

188 3036 272 3096 Nam
287 3034 416 3117 privata
432 3037 547 3099 dolore
562 3036 670 3118 omni,
688 3037 817 3119 privata
836 3039 989 3123 periclis,

188 3139 263 3220 Ipsa
276 3138 342 3201 suis
355 3141 485 3222 pollens
500 3141 633 3223 opibus,
649 3140 734 3202 nihil
752 3142 868 3230 indiga
888 3145 1005 3227 nostri,

189 3249 257 3310 Nec
273 3249 355 3308 bene
371 3247 557 3328 promeritis
571 3248 718 3329 eapitur,
736 3270 797 3312 nee
811 3253 957 3337 tangitur
972 3252 1033 3316 ira.

230 3354 334 3415 Terra
350 3352 483 3432 quidem
500 3372 579 3414 vero
597 3365 687 3418 caret
702 3354 797 3417 omui
809 3366 956 3440 tempore
969 3340 1090 3435 sensus

191 3457 270 3536 Sed,
286 3455 365 3536 quia
377 3458 558 3518 multarum
577 3456 702 3538 potitur
719 3457 902 3540 primordia
918 3483 1052 3544 rerum,

191 3561 297 3621 Multa
317 3540 422 3623 modis
438 3560 548 3624 multis
561 3557 654 3624 effert
673 3562 851 3626 inlumina
865 3566 952 3628 solis.

192 3658 257 3720 Hie
269 3660 297 3720 si
310 3662 383 3739 quis
397 3681 488 3724 mare
502 3665 709 3744 Neptunum,
729 3667 947 3745 Cereremque
963 3685 1085 3731 vocare

194 3764 376 3827 constituet
391 3767 521 3854 fruges,
535 3777 568 3833 et
582 3767 700 3833 Bacchi
715 3769 852 3834 nomine
870 3769 963 3833 abuti
