2572 4732
302 352 506 417 menn
540 328 612 421 iv.
651 356 775 439 mr,
944 364 1014 439 11⁴⁵

57 496 363 588 longedireimileis
371 498 503 563 animus
510 517 563 563 rer
576 496 697 587 rogitet
706 499 855 564 omneis?

97 604 189 691 Quid
196 603 349 687 porro,in
358 622 534 666 numerum
542 605 720 686 procedere
727 624 828 685 quom
836 605 1013 674 simulacre

54 707 232 773 cernimus
240 707 277 770 in
286 704 423 787 oomnis,
436 715 470 770 et
483 707 598 769 mollia
608 711 758 770 membra
768 728 921 790 movere3

50 810 175 877 Mollia
184 809 351 874 mobiliter
364 828 467 891 quom
482 809 617 873 alternis
628 811 763 875 brachiu
777 811 929 897 mittunt,

50 914 97 983 Et
107 926 262 1003 repetunt
276 917 381 982 oeulis
395 928 522 1006 gestum
531 922 617 1002 pede
625 920 861 985 convenienti?

55 1023 190 1089 Scilicet
198 1035 269 1089 arte
281 1026 415 1087 madent
423 1023 613 1107 simulacre,
627 1035 659 1088 et
669 1027 765 1090 docta
774 1010 951 1114 rugando,

55 1130 229 1192 Nocturno
244 1127 353 1191 faeere
366 1138 404 1192 ut
418 1129 543 1212 possint
552 1130 589 1193 in
604 1141 750 1214 tempore
763 1136 882 1197 ludos?

57 1237 112 1299 An
125 1232 232 1319 mugit
244 1232 330 1294 illud
339 1234 402 1295 erit
411 1254 542 1316 verum,
551 1235 630 1316 quia
645 1245 793 1319 tempore
806 1238 843 1300 in
854 1258 941 1322 uno,

59 1335 289 1404 Consentimus
303 1338 355 1420 id,
375 1347 427 1419 ut,
438 1356 540 1419 quom
548 1357 614 1402 vox
627 1340 881 1425 minitatum,

58 1448 224 1530 Tempora
234 1447 339 1509 multa
349 1434 467 1528 latent,
477 1445 562 1509 ratio
572 1466 657 1528 quoe
671 1448 831 1531 comperit
843 1449 935 1513 erse?

60 1552 238 1637 Propterea
251 1550 303 1634 fit,
320 1552 371 1615 uti
382 1551 549 1633 quovirin
565 1563 713 1636 tempore
727 1570 878 1635 quaeque

60 1658 194 1724 Praesto
204 1658 271 1724 sint
280 1658 472 1740 simulacre,
487 1658 622 1722 ioeoein
633 1678 795 1742 quosque,
806 1667 935 1743 pente:

60 1766 167 1829 Tanta
179 1773 228 1828 est
240 1763 423 1845 mobilitas,
440 1772 472 1827 et
488 1782 600 1826 rerum
616 1767 710 1849 eopia
722 1776 833 1830 tanta:

60 1874 151 1955 Hoc,
165 1872 225 1935 ubi
234 1871 343 1956 prima
352 1862 455 1954 perit,
467 1870 601 1952 alioque
614 1882 661 1934 est
675 1875 778 1934 altera
792 1881 869 1933 nata

60 1976 143 2063 Inde
160 1986 260 2060 stetu,
275 1977 369 2060 prior
379 1969 436 2037 hic
447 1985 574 2061 gestum
587 1983 728 2038 mutasse
743 1975 886 2036 ridetur.
955 1974 1015 2038 80³

21 2080 24 2085 ’
98 2084 155 2168 Et,
174 2084 253 2167 quia
265 2080 377 2146 tenuia
385 2077 556 2161 sunt‚niri
566 2098 651 2160 quae
663 2079 956 2160 contendit,aoute

62 2191 206 2256 Cernere
215 2208 286 2253 non
299 2185 388 2272 potio
403 2192 451 2250 est
461 2183 605 2260 animun
622 2182 763 2266 proinde
774 2182 906 2265 omnin,

498 2279 501 2284 ’
591 2298 762 2372 quaesunt

62 2400 249 2483 Praetereo,
257 2406 414 2483 pereunt,
427 2394 491 2462 nisi
500 2394 625 2460 eireere
636 2394 706 2477 ipre
718 2390 858 2476 pararit.

62 2508 136 2591 lpse
151 2515 248 2590 parat
258 2524 328 2570 sere
340 2524 455 2588 porro,
467 2511 642 2585 speratque
653 2500 821 2580 futurum,

63 2609 243 2690 Utvideat,
257 2609 348 2689 quod
357 2604 582 2695 consequitur,
596 2623 667 2665 rem
677 2622 858 2683 quamquer
868 2597 1005 2685 fitergo.

101 2717 221 2778 Nonne
230 2715 336 2798 vider,
347 2716 460 2779 oeulos
470 2711 580 2790 etiem,
591 2729 703 2792 quom,
714 2709 825 2773 tenuia
834 2726 920 2790 quae
929 2712 1018 2789 eunt,

64 2822 206 2884 Cernere
215 2826 411 2902 coeperunt,
426 2817 624 2881 contendere
636 2834 685 2894 ee,
701 2821 800 2892 atque
809 2832 940 2894 parare,

63 2926 131 2990 Neo
148 2923 220 2989 sine
237 2943 277 2988 eo
289 2921 362 2986 fieri
375 2941 482 3005 posue,
498 2929 721 2981 arcemanus
735 2915 851 2976 acute?

64 3030 103 3094 Et
118 3040 229 3093 temen
244 3027 281 3090 in
294 3028 391 3090 rebus
408 3041 541 3105 quoque
555 3019 676 3104 opertis
693 3036 830 3080 noscere
841 3016 958 3100 ponis,

65 3136 97 3198 Si
108 3155 178 3198 non
188 3135 340 3197 advortas
348 3128 514 3210 animum,
528 3124 668 3210 proinde
677 3142 759 3205 esre,
771 3112 866 3203 queri
879 3120 975 3188 omni

65 3243 227 3325 Tempore
242 3248 404 3304 semotum
416 3233 530 3316 fuerit,
545 3233 711 3319 longeque
723 3237 900 3292 remotum.

66 3350 133 3412 Cur
146 3346 249 3433 igitur
262 3345 386 3411 mirum
400 3350 461 3425 est,
474 3339 607 3404 animur
616 3335 644 3402 si
656 3344 765 3400 cetere
774 3333 902 3417 perdit,

66 3456 197 3519 Praeter
209 3474 310 3535 quarn
321 3451 440 3532 quibus
451 3456 500 3511 est
515 3446 550 3508 in
561 3447 659 3509 rebus
668 3442 799 3506 deditus
814 3442 909 3524 ipsei'

65 3551 209 3635 Deinde,
233 3546 454 3635 adopinamur
464 3550 506 3611 de
518 3548 621 3633 signis
633 3564 789 3609 maxuma
801 3543 927 3628 parvis,

66 3659 112 3720 Ac
128 3677 190 3720 nos
198 3655 234 3719 in
246 3656 398 3718 fraudem
411 3651 580 3715 induimus
591 3647 811 3714 fnntreminie
821 3648 895 3731 ipsi.

104 3760 156 3823 Fit
169 3778 319 3844 qnoque,
329 3769 367 3822 ut
379 3757 547 3822 interdum
557 3776 627 3820 non
640 3752 868 3840 suppeditetur
880 3751 994 3841 imago

145 3863 276 3921 lamone·
719 3874 752 3914 ιο
