2550 4726
155 313 197 381 cc
363 307 430 375 nc
453 310 639 373 neuun
667 306 878 371 urruns
950 325 984 368 v.
1005 310 1076 388 4³7·

155 459 221 527 tut
233 456 325 521 iuvat
336 456 507 549 egrediens
520 452 693 541 genitaleis
714 474 775 534 per
787 448 927 519 Veneris
943 470 1014 514 res:
1108 466 1113 472 ·

153 567 236 646 Aut,
250 584 292 628 ex
304 559 432 626 offensu
444 580 547 642 quorn
563 561 698 621 turbant
715 578 854 640 corpore
866 556 904 621 in
916 556 991 639 ipso

46 675 49 693 '
155 667 305 748 Semina,
322 664 530 731 confundunt
540 656 672 727 interie
686 661 815 726 concita
832 671 987 753 sensumg

155 775 219 856 Ut,
237 773 265 836 si
276 775 361 836 forte
373 791 473 834 manu
490 768 641 851 quamvis
656 769 724 831 iam
738 767 886 850 corporis
899 767 972 850 ipse
1064 799 1067 809 ·

154 880 240 942 Tute
252 879 313 941 tibi
327 885 455 961 partem
470 873 586 955 feries,
598 883 697 953 atque
712 872 894 956 experiare.

154 984 366 1066 Quapropter
378 984 479 1067 longe
492 980 615 1044 formas
626 979 747 1043 distare
765 1000 896 1045 necesse
910 987 975 1063 est,

153 1087 343 1170 Principiis,
357 1086 466 1151 varior
478 1105 565 1167 quae
575 1085 698 1168 possint
713 1087 811 1149 edere
827 1105 952 1148 sensus.

194 1193 365 1275 Denique,
382 1214 469 1275 quae
487 1191 585 1257 nobis
602 1193 718 1256 durata
730 1193 880 1276 acspissa
894 1192 1065 1274 videntur,

152 1299 245 1361 Haec
256 1295 361 1384 magis
374 1296 516 1362 hamatis
529 1295 617 1360 inter
632 1317 703 1361 sese
716 1317 786 1360 esse
801 1316 932 1361 necesse
943 1306 1005 1378 est,-

152 1403 195 1469 Et
205 1401 298 1485 quasi
310 1401 447 1466 ramosis
459 1401 526 1465 alte
536 1411 707 1485 compacte
724 1400 841 1464 teneri.

153 1507 194 1575 In
205 1527 273 1589 quo
285 1507 350 1571 iam
360 1504 483 1593 genere
497 1504 535 1569 iu
548 1502 665 1588 primis
681 1502 894 1567 adamantina
910 1522 1008 1584 sarm·

154 1613 265 1677 Prima
275 1612 347 1677 acie
364 1622 533 1694 constant,
545 1613 629 1676 ictus
645 1619 857 1676 contemnere
870 1620 984 1686 sueta3

154 1720 196 1780 Et
207 1718 312 1780 validi
326 1718 448 1799 silices,
465 1738 505 1781 ac
517 1717 593 1780 duri
606 1720 729 1781 robore
742 1715 839 1795 ferri,

155 1820 322 1898 Aeraque,
337 1838 422 1897 quae
435 1818 584 1885 claustris
596 1817 753 1883 restantio
766 1816 1001 1880 vociferantur.

196 1923 259 1986 lna
278 1921 414 2004 quidem
425 1924 548 1989 debent
559 1945 600 1988 ex
611 1922 762 1987 laevinus
774 1932 874 2002 etque
889 1920 1042 1986 rotundis

156 2032 233 2095 mse
246 2030 367 2116 magis,
380 2032 483 2095 fluido
493 2052 578 2112 quoe
587 2049 725 2113 corpore
734 2027 862 2110 liquida
877 2037 1047 2106 constant3
1059 2028 1118 2107 ὼ

154 2134 305 2220 Namque
315 2136 491 2221 papaveris
503 2139 637 2200 haustus
655 2135 734 2199 item
747 2143 794 2198 est
806 2133 913 2197 facilis
925 2136 1018 2215 quod

685 2260 867 2322 aquarum:

155 2350 224 2412 Nec
235 2347 422 2412 retinentur
432 2347 522 2410 enim
535 2346 662 2409 interce
672 2345 915 2432 glomeramina
931 2359 1101 2428 quaeque,

155 2451 197 2514 Bt
207 2468 383 2531 procursus
395 2448 475 2513 item
486 2447 523 2511 in
533 2448 682 2530 proclive
693 2447 851 2513 volubilis
863 2458 979 2512 exstat.

198 2549 321 2613 omnia
331 2560 514 2632 postremo,
530 2571 619 2632 quae
628 2562 753 2634 puncto
766 2559 914 2636 tempore
928 2552 1036 2618 cernis

62 2690 66 2698 ¹
155 2651 342 2744 Diffugere,
354 2659 551 2740 utimum,
570 2660 727 2742 nebulus,
739 2662 968 2742 flammasque,
987 2682 1050 2725 nes

688 2785 776 2831 cesse
790 2775 856 2848 est,

156 2861 193 2928 Si
204 2861 316 2959 minus
327 2865 441 2933 omnia
458 2875 570 2933 eunte
587 2867 737 2935 heribus
753 2881 853 2951 atque
875 2873 1046 2958 rotundis,
1071 2888 1080 2894 ·

156 2968 200 3029 At
208 2971 282 3033 'non
292 2988 361 3033 esse
379 2979 490 3039 temen
506 2972 672 3057 perplexis
684 2973 899 3058 indupeditc;
985 2979 992 2992 '

155 3077 311 3162 Pungere
325 3079 375 3143 uti
390 3081 517 3163 pomint
530 3101 662 3165 corpus,
680 3095 920 3167 penetrareque
931 3107 1027 3151 saxa:

155 3185 225 3247 Nec
238 3193 350 3250 tamen
360 3187 499 3251 haerere
510 3188 597 3252 inter
612 3210 661 3270 se,
680 3194 772 3271 quod
780 3192 921 3275 quisque
932 3196 1086 3265 videmus

156 3287 309 3352 Sentibus
318 3308 388 3353 esse
397 3291 528 3354 datum:
546 3291 643 3355 facile
654 3302 692 3356 ut
702 3314 900 3380 cognoscere
915 3299 1038 3384 possis,

157 3396 232 3460 Non
244 3418 264 3460 e
274 3395 530 3480 perplexis‚·sed
542 3399 645 3465 acutis
654 3421 724 3466 esse
733 3405 921 3470 elementis·

197 3504 262 3568 Sed
271 3507 482 3587 quodcum
491 3505 814 3594 edendamque
824 3514 949 3576 fluvida
958 3524 1120 3602 constant,

156 3611 265 3674 Sudor
274 3612 325 3675 uti
331 3613 434 3679 maris
446 3625 510 3699 est,
521 3616 672 3683 minume
679 3618 832 3684 mirabile
845 3620 1039 3703 quoiquam.

158 3717 243 3779 Nan
253 3723 343 3799 quod
352 3723 518 3789 fluvidum
530 3732 590 3809 eet,
605 3727 783 3795 eluevibus
794 3737 893 3814 etque
907 3731 1062 3813 rotundis
