2550 4726
263 320 474 409 nrnnn'
506 343 572 423 vr
613 364 646 406 v.
667 345 758 427 ree·
917 345 979 409 225·

17 493 57 555 Et
69 487 197 555 iaciunt
207 491 334 578 ignem,
350 510 418 573 quo
429 489 574 571 quoique
583 498 632 554 est
645 509 776 571 cunque
787 491 959 572 voluntem
1018 555 1020 559 ,
1068 526 1071 531 ,

18 597 102 678 Cur,
113 595 232 675 quibus
242 595 413 658 incautum
424 595 530 670 scelus
545 580 730 656 avorscbile
743 614 875 676 cunque
888 603 954 678 est,

18 703 93 767 Non
102 703 240 784 faciunt,
253 702 310 766 icti
318 705 466 791 flammas
477 711 513 763 ut
524 698 664 787 fulguris
677 701 791 764 halent
867 722 871 731 =

19 811 154 873 Pectore
164 807 308 891 perfixo,
320 794 484 871 documen
494 806 691 874 mortalibus
703 807 802 870 acre?

19 911 58 974 Et
70 912 196 997 potius,
208 915 302 974 nulla
313 910 377 975 sibi
391 909 479 994 turpi
489 909 640 975 conscius
650 909 687 972 in
699 930 752 993 re,

20 1017 174 1082 Volvitur
185 1019 222 1080 in
236 1016 376 1085 flammis
389 1015 566 1097 innoxius,
581 1015 682 1095 inque
697 1014 849 1100 peditur,

19 1121 167 1185 Turbine
180 1120 312 1185 coelesti
324 1119 433 1184 subito
446 1129 619 1201 conreptus
631 1127 662 1181 et
675 1117 766 1204 igni?
818 1138 822 1158 ⁸

58 1229 127 1288 Cur
136 1226 236 1308 etiam
245 1228 319 1289 loca
328 1227 398 1290 sola
409 1232 539 1309 petunt,
552 1225 739 1305 frustraque
751 1223 925 1292 laboranti

20 1335 70 1395 An
85 1340 155 1394 tum
169 1331 305 1431 brechia
320 1338 553 1410 consuescunt,
567 1320 766 1421 firmantque
776 1329 936 1393 lacertos?

20 1437 57 1501 ln
71 1447 222 1519 terraque
234 1436 339 1501 Petris
348 1457 408 1499 cur
418 1434 762 1521 teluruxperpetiuntur
848 1466 851 1472 ·

23 1545 191 1610 obtundi?
205 1544 344 1628 curipse
356 1544 449 1626 silut,
462 1562 570 1625 neque
583 1541 736 1626 percit-in
748 1537 894 1607 besteis?

57 1649 227 1732 Denique,
238 1672 298 1714 cur
309 1643 480 1730 nunquam
494 1649 587 1711 coelo
599 1645 676 1710 iacit
687 1642 936 1729 undique-puro

18 1751 144 1843 Iupiter
160 1758 197 1821 in
213 1769 313 1824 terras
326 1758 466 1839 fulmen,
479 1756 671 1837 sonitusque
682 1756 877 1847 profundit?
908 1812 924 1819 ..
982 1759 989 1765 ”

15 1861 88 1941 An,
103 1861 255 1925 simulac
270 1864 375 1925 nubes
387 1882 587 1944 successere,
598 1862 689 1943 ipsus
702 1863 739 1924 in
752 1860 884 1926 aestum.
926 1897 929 1901 <
1030 1880 1042 1901 ·

13 1961 213 2044 Descendit,
225 1983 329 2046 prope
339 1972 377 2025 ut
387 1963 466 2024 hinc
477 1963 534 2025 teli
546 1963 742 2035 determinet
755 1965 859 2030 ictus?

10 2062 54 2127 ln
66 2084 160 2127 mare
174 2085 240 2146 qua
250 2072 351 2148 porro
360 2064 460 2128 mittit
468 2065 617 2129 ratione?
630 2066 712 2146 quid
720 2069 826 2138 undas
916 2085 978 2148 404

10 2169 153 2256 Arguit,
166 2179 199 2232 et
208 2168 371 2250 liquidem
384 2171 522 2262 molem,
536 2191 735 2254 composque
747 2175 926 2242 uatcuteis?

55 2279 247 2357 Praeterea,
258 2275 287 2339 si
298 2277 368 2338 volt
384 2294 557 2339 caveamus
572 2276 723 2340 fulminis
736 2278 853 2366 ictum,
1035 2267 1038 2271 ’

10 2385 87 2446 Cur
98 2381 227 2444 dubitat
237 2381 359 2464 fecere,
373 2391 411 2446 ut
423 2383 586 2465 possimus
597 2404 732 2449 cernere
744 2386 901 2453 missum?

10 2488 49 2550 si
66 2507 129 2550 neo
143 2485 329 2568 opinanteis
338 2497 447 2549 autem
458 2488 728 2663 rolxopprimere
737 2490 826 2583 igni,

10 2593 531 2679 Curtonatexillapertemtvb
555 2599 782 2677 nequeamus?
878 2606 895 2631 ⁸
1003 2586 1007 2595 ’

10 2703 86 2762 Cur
103 2702 251 2768 tenebras
262 2710 353 2781 aute,
368 2708 400 2763 et
411 2699 577 2784 fremitus,
587 2710 621 2764 et
632 2690 803 2767 murmura
811 2751 821 2786 ,
833 2707 966 2772 conciti

56 2799 98 2868 Et
108 2806 208 2870 simul
220 2806 256 2870 in
267 2808 386 2871 multos
400 2810 520 2890 parteis
533 2804 591 2890 qui
605 2813 738 2872 eredere
750 2813 854 2893 possis
889 2842 892 2845 ·
924 2824 927 2827 '

10 2909 168 2974 Mittere?
176 2930 220 2972 an
233 2913 298 2973 hoc
308 2911 394 2973 ansis
407 2928 577 2991 nunquam
589 2914 788 2976 contendere
800 2915 939 3002 factum,

10 3018 61 3080 Ut
70 3016 188 3080 fierent
198 3017 282 3080 ictus
293 3032 363 3102 uuo
372 3018 434 3080 sub
448 3017 596 3100 tempore
608 3019 740 3101 plures?
797 3041 799 3046 ·

10 3123 57 3183 At
69 3139 167 3202 saepe
182 3131 228 3183 est
240 3115 379 3182 numero
391 3118 531 3201 fectum,
544 3116 683 3202 fieritjire
696 3141 827 3187 necesse
838 3135 903 3209 est,

10 3224 60 3285 Ut
72 3223 189 3304 pluere
198 3223 233 3284 in
246 3221 359 3286 multis
372 3222 579 3310 regionibus,
593 3232 624 3286 et
635 3226 754 3290 cadere
766 3226 918 3314 imbreis,

12 3327 171 3392 Fulmina
179 3329 227 3393 sic
237 3350 305 3392 uno
318 3329 390 3392 fieri
399 3332 461 3400 sub
473 3336 621 3414 tempore
632 3335 746 3397 multa.

56 3441 242 3520 Postremo,
255 3461 317 3502 our
327 3447 439 3507 sancte
450 3436 557 3501 Dedm
573 3441 724 3523 delubra,
736 3460 876 3523 suasque

16 3542 158 3606 Discutit
172 3542 292 3615 infesto
304 3544 487 3624 praeclaras
499 3540 640 3604 fulmine
651 3543 772 3625 sedeis,

19 3648 58 3711 Et
70 3649 157 3710 bene
169 3649 256 3712 facte
268 3646 376 3710 Dedin
387 3644 509 3736 frangit
525 3647 716 3732 simulacre,
725 3650 858 3732 suisque

19 3755 128 3818 Demit
139 3754 341 3840 imaginibus
348 3753 498 3821 ,violento
506 3757 643 3820 volnere
652 3756 838 3821 honorem?

113 3856 243 3915 Lucretius.
538 3925 546 3939 ,
718 3880 746 3929 ¹5
832 3920 834 3925 ,

982 4150 1240 4448 s
