2572 4732
302 340 507 404 LIBER
546 342 627 404 111.
667 363 699 404 r.
722 346 789 424 705.
975 348 1030 411 10⁵

67 482 127 549 Sic
133 484 246 548 anima
253 494 351 568 atque
365 490 512 573 animus,
525 492 676 572 quamvis
685 491 813 578 integra
823 482 934 558 recens
942 492 979 558 iu
1010 534 1020 543 ··

70 591 201 671 Corpus
210 600 306 672 eunt,
323 594 482 656 tamenin
497 597 663 657 manando
673 596 912 679 dissolvuntur,

68 696 180 776 Dum,
195 697 289 776 quasi
298 714 357 779 per
371 701 500 781 caulas,
517 701 643 763 omneis
653 702 814 764 diduntur
827 703 862 765 in
877 713 967 770 artus

69 800 271 884 Particulae,
284 803 404 886 quibus
416 807 498 868 haec
511 807 613 869 animi
630 819 747 869 natura
765 817 909 869 creatur:
942 784 948 797 ’
1010 822 1017 839 ·

70 909 169 990 Quae
178 909 310 973 nuncin
325 921 438 972 nostro
453 912 644 974 dominatur
658 932 814 995 corpore,
827 922 905 975 nata

68 1011 208 1094 Exilia,
221 1033 307 1094 quae
322 1024 400 1078 tunc
416 1006 554 1098 peritat,
562 1018 680 1101 partita
699 1029 870 1101 perettus.

115 1121 325 1203 Quapropter
336 1142 445 1202 neque
458 1124 559 1184 natali
575 1125 705 1206 privata
721 1121 852 1186 videtur

69 1224 150 1286 Fsse
160 1223 214 1288 die
227 1235 344 1287 natura
354 1226 501 1306 animae,
519 1246 627 1305 neque
640 1225 766 1288 funeris
783 1242 909 1306 expers.

10 1388 12 1394 ,
113 1327 247 1411 Semina
262 1339 432 1410 praeterea
445 1330 660 1412 linquuntur,
678 1350 800 1412 necne,
815 1328 940 1391 animai

71 1436 222 1517 Corpore
231 1435 267 1497 iu
283 1435 461 1499 exanimo?
474 1438 573 1520 Quod
587 1436 615 1501 si
628 1435 837 1518 linquuntur,
849 1445 882 1498 et
892 1434 1019 1518 insunt,
1099 1467 1104 1477 .

70 1541 175 1603 Haud
188 1539 267 1623 erit,
284 1552 322 1604 ut
332 1542 450 1605 merito
466 1541 775 1625 immortalispossit
789 1542 925 1621 haberi5

70 1645 225 1711 Partibus
234 1647 359 1712 amissis
373 1648 531 1729 quoniam
545 1648 646 1712 libata
660 1648 801 1720 recessit.

69 1752 135 1817 Sin
146 1752 207 1836 ita,
220 1754 355 1819 sinceris
368 1756 524 1820 membris
540 1758 668 1839 ablata,
682 1755 850 1844 profugit,

72 1858 121 1920 Ut
132 1861 240 1923 nullas
258 1860 380 1943 parteis
397 1861 434 1924 in
453 1882 591 1944 corpore
609 1863 744 1942 liquerit
757 1884 800 1925 ex
813 1882 869 1943 se;

71 1962 172 2024 Unde
183 1966 342 2026 cadavera
356 1965 506 2027 rancenti
517 1966 584 2026 iam
598 1964 722 2027 viscere
731 1965 871 2029 vermeis
891 1950 893 1955 ⁵
977 1984 1034 2047 7¹9

70 2066 273 2148 Exspirant?
289 2077 386 2149 atque
400 2068 488 2128 unde
501 2066 709 2129 animantum
728 2067 826 2150 copia
838 2076 943 2147 tanta,

71 2170 160 2233 Exos
172 2181 204 2232 et
218 2171 407 2257 exsanguis,
420 2169 562 2233 tumidos
582 2173 779 2253 perfluctuat
794 2171 906 2234 artus?

115 2277 215 2360 Quod
228 2276 256 2338 si
268 2277 352 2339 forte
369 2276 496 2338 animas
509 2276 711 2340 extrinsecus
725 2275 889 2340 insinuari

73 2380 269 2465 vermibus,
286 2396 318 2445 et
330 2383 425 2467 priva
440 2385 467 2448 si
479 2384 516 2447 in
533 2404 673 2467 corpora
688 2405 783 2469 posse
803 2384 917 2449 venire

14 2513 17 2517 ’
75 2489 206 2569 Credis3
222 2510 284 2552 nec
295 2501 442 2572 reputas,
459 2512 518 2552 cur
527 2490 634 2552 millia
651 2493 755 2551 multa
767 2490 956 2553 animarum

74 2598 302 2679 Conveniunt,
315 2597 405 2659 unde
415 2618 482 2660 uua
492 2597 676 2661 recesserit:
690 2598 754 2660 hoc
765 2605 875 2659 tamen
887 2608 952 2678 est,
965 2601 1003 2657 ut

74 2693 315 2790 Quaerundum
323 2704 492 2786 videatur,
506 2705 587 2767 etin
600 2704 776 2767 discrimen
788 2704 977 2792 agundum:

74 2816 200 2881 Utrum
209 2815 339 2875 tandem
351 2813 482 2875 animae
493 2802 655 2875 venentur
667 2810 794 2874 semina
804 2794 966 2892 quaeque‘

75 2917 360 2997 vermiculorum,
374 2916 531 2997 ipsaeque
547 2915 611 2977 sibi
624 2914 843 2995 fabricentur,
857 2913 916 2976 ubi
926 2914 1006 2993 sint3

67 3026 130 3087 'Ari
144 3021 212 3087 iam
230 3020 424 3103 corporibus
437 3018 589 3101 perfectis
601 3018 821 3081 insinuentur.

75 3131 120 3191 At
134 3150 260 3211 neque,
280 3150 339 3190 cur
349 3125 470 3189 faciant
482 3125 584 3208 ipsae,
601 3143 746 3207 quareve
762 3126 933 3206 laborent,

78 3236 197 3299 Dicere
205 3235 412 3319 suppeditat3
426 3233 648 3318 nequeenim,
662 3232 733 3297 sine
744 3254 881 3317 corpore
895 3254 999 3315 quom

351 3346 355 3353 '
618 3352 712 3424 sunt,

11 3431 20 3443 ⁰
78 3438 247 3512 Sollicitas
264 3447 403 3512 volitant
416 3446 557 3528 morbis,
576 3446 736 3533 alguque,
754 3446 915 3526 fameque.

80 3559 209 3639 Corpus
222 3555 313 3619 enim
327 3552 431 3638 magis
444 3553 494 3615 bis
509 3551 598 3614 vitiis
618 3559 650 3613 et
665 3550 732 3614 fine
744 3554 891 3630 ¹laborat3
967 3592 968 3596 =

31 3650 36 3656 ⁵
76 3666 119 3728 Et
133 3662 221 3728 maia
236 3674 357 3729 cuncta
370 3663 499 3728 animus
515 3662 646 3749 contegi
658 3664 807 3749 fungitur
821 3663 900 3726 eius.

53 3860 55 3867 Ι
77 3772 143 3835 Sed
157 3779 266 3837 tamen
277 3773 328 3840 his
341 3783 409 3839 esto
420 3774 571 3856 quamvis
586 3774 694 3838 iacere
709 3774 791 3838 utile
809 3794 939 3859 eorpus,
965 3794 971 3807 ·
