2550 4726
175 356 232 419 166
380 350 450 417 DE
477 348 666 413 RERUM
694 342 916 408 NATURA
986 360 1085 425 ppo.

170 496 261 582 Quid
271 503 430 579 nequeat,
443 492 536 561 finita
547 499 689 579 potestas
702 484 845 569 denique
857 481 1006 569 quoique

171 602 324 689 Quanam
336 601 377 667 sit
392 600 536 681 ratione,
553 606 651 681 atque
666 597 732 658 alte
746 591 907 657 terminus
921 593 1069 654 haerena.

211 708 310 793 Quod
323 716 486 789 superest,
499 724 542 767 ne
555 714 586 765 te
599 701 636 765 in
651 698 820 784 promissis
832 700 931 783 plura
943 714 1114 791 morentur,

169 812 339 897 Principio
353 811 457 875 maria
468 830 507 873 ac
521 819 622 874 terme
639 808 834 889 coelumque
846 814 952 869 tuere:

168 920 298 982 Horum
312 926 463 981 naturam
477 912 659 1001 triplicem,
672 912 736 975 trie
752 928 911 995 corpore,
924 904 1076 991 Memmi,

167 1122 242 1185 Una
254 1121 324 1185 dies
336 1120 427 1183 dabit
439 1118 556 1183 exitio:
570 1122 757 1203 multosque
767 1139 828 1203 per
840 1136 948 1181 annos

167 1230 367 1309 Sustentata,
383 1235 458 1291 ruet
470 1227 575 1289 moles
591 1237 624 1289 et
639 1226 794 1291 machine
807 1224 937 1289 mundi.

206 1332 275 1396 Nec
285 1354 339 1396 me
345 1332 451 1396 animi
460 1332 565 1415 ttulit,
574 1353 674 1413 quam
685 1354 737 1397 res
750 1334 998 1417 novamiraque
1007 1316 1113 1397 utenti¹

164 1436 317 1521 Accidat,
336 1440 472 1505 exitium
483 1440 568 1507 coeli
579 1448 752 1520 terraeque
765 1422 933 1517 futurum

166 1548 208 1609 Et
220 1566 318 1627 quam
334 1545 467 1611 difficile
479 1547 515 1611 id
526 1547 610 1613 mihi
622 1548 665 1613 tit
679 1547 872 1633 pertinuere
887 1545 1004 1610 dictita

164 1651 210 1711 Ut
220 1650 272 1729 fit,
286 1652 345 1712 uhi
355 1650 523 1715 insolitam
536 1672 606 1714 rem
618 1652 771 1737 adportes
786 1648 922 1714 auribus
931 1658 1025 1733 ante,

164 1756 234 1817 Nec
248 1764 357 1818 tamen
369 1758 454 1815 hanc
463 1754 568 1839 possis
580 1756 754 1818 oculorum
763 1754 904 1819 subdere
913 1754 1009 1835 visu,
1107 1768 1110 1773 '

164 1862 234 1925 Nec
243 1860 350 1923 iacere
359 1858 442 1923 indu
453 1866 588 1944 manus,
598 1862 654 1924 via
665 1880 731 1943 qua
742 1860 871 1927 munita
881 1858 961 1925 fidei

163 1962 332 2027 Proxuma
342 1962 404 2025 tert
418 1966 600 2027 humanum
611 1964 648 2029 in
658 1976 782 2050 pectus,
792 1965 982 2047 templaque
994 1957 1111 2027 mentit-

164 2068 230 2131 Sed
244 2078 351 2131 tamen
363 2064 505 2134 effabor:
520 2068 616 2134 dictis
625 2070 717 2135 dabit
728 2068 801 2153 ipse
812 2066 913 2131 fidem
923 2086 977 2130 res
1062 2058 1109 2129 toi

163 2170 331 2256 Forsitan,
346 2183 377 2236 et
389 2173 535 2259 graviter
549 2183 728 2253 terrarum,
744 2170 890 2236 motibus
903 2170 1003 2253 ortis,

55 2340 58 2349 .
165 2280 291 2347 Omnia
304 2282 515 2367 conquassari
527 2281 562 2346 iu
571 2301 677 2373 parvo
691 2290 840 2367 tempore
852 2296 983 2342 cernesa

165 2386 265 2471 Quod
279 2390 398 2471 procul
412 2408 432 2451 a
444 2387 541 2455 nobis
552 2390 660 2456 flectat
674 2390 821 2450 Fortuna
831 2385 1040 2471 gubernarat

162 2488 205 2553 Et
213 2492 297 2554 ratio
310 2494 436 2576 potius,
448 2516 550 2577 quam
563 2515 615 2558 res
625 2492 818 2577 persuadeat
831 2489 921 2575 ipsa,

161 2593 336 2661 succidere
346 2597 520 2660 horrisono
533 2617 629 2679 posse
639 2596 752 2659 omnia
764 2582 851 2659 uicta
865 2594 1010 2681 fragore.

202 2702 276 2784 Qua
287 2698 379 2782 prius
389 2699 563 2787 aggrediar
575 2720 675 2781 quam
693 2701 735 2761 de
751 2720 788 2762 re
802 2699 943 2763 fundere
957 2698 1027 2761 fata

159 2803 325 2888 Sanctius,
338 2814 370 2869 ct
380 2808 487 2869 multo
497 2814 586 2871 certa
596 2804 724 2869 ratione
738 2803 857 2893 megia,
872 2822 976 2887 quam

158 2910 295 2994 Pythia,
310 2930 395 2994 quae
407 2910 537 2996 tripode
552 2933 571 2975 e
584 2912 725 2995 Phoebi,
736 2913 912 2993 lauroque,
925 2908 1089 2996 profatur:

157 3016 265 3078 Multa
280 3015 340 3079 tibi
354 3016 528 3099 expediam
543 3016 646 3080 doctis
656 3018 774 3081 solatia
788 3015 901 3099 dictita

156 3122 332 3213 Religione
347 3123 550 3189 refraenatus
564 3144 608 3189 ne
620 3122 704 3187 forte
719 3122 837 3205 rearis,

155 3226 291 3306 Terras,
304 3233 336 3287 et
345 3226 464 3306 solem,
477 3227 623 3306 coelum,
640 3246 747 3307 mare,
760 3226 882 3308 sidera,
897 3228 1036 3309 lunam,

157 3330 304 3415 Corpore
317 3328 449 3410 divino,
463 3332 583 3393 debere
596 3340 729 3393 aeterna
740 3349 868 3408 meare3

154 3435 397 3516 Proptereaque
406 3444 502 3519 putes
514 3433 579 3496 ritu
590 3455 651 3517 par
662 3454 731 3499 esse
742 3434 940 3521 Gigantum,

154 3540 303 3606 Pendere
318 3562 375 3609 eos
387 3560 512 3629 poenas
524 3538 664 3605 hnmani
674 3560 738 3627 pro
752 3542 875 3607 scelere
888 3539 1032 3626 omneis,

154 3645 223 3727 Qui
238 3647 363 3712 ratione
374 3668 434 3713 sua
448 3648 632 3711 disturbent
645 3648 779 3713 moenia
790 3648 927 3729 mundi,

153 3748 430 3847 Praeclarumque
440 3750 639 3821 vcttutcocti
648 3752 850 3842 restinguere
862 3752 985 3838 solem,
