2550 4726
175 406 233 466 230
386 402 451 463 DE
474 401 662 463 RERUM
688 398 898 463 NATURA
966 419 1001 460 v.
1023 398 1085 475 545.

172 545 304 625 subter,
322 541 380 605 ubi
390 540 552 627 ingenteis
560 541 731 623 speluncas
748 539 878 604 subruit
893 548 999 605 aetas:

171 645 306 730 Quippe
319 649 441 710 cadunt
451 645 510 708 toti
527 660 668 727 montes,
685 666 872 733 magnoque
882 655 1021 729 repente

170 758 337 819 Concussu
356 758 420 818 late
434 756 619 837 disserpunt
634 754 713 818 inde
725 764 899 817 tremores:

169 858 211 920 Et
224 859 355 934 merito;
373 858 532 940 quoniam
549 856 703 941 plaustris
719 876 874 921 concussa
888 855 1078 918 tremiscunt

168 966 284 1046 Tecta,
298 964 387 1027 viam
397 974 547 1048 propter,
559 984 627 1028 non
643 985 766 1051 magno
778 945 925 1048 pondere
941 975 1026 1026 tota:

62 1050 68 1067 ’
85 1064 97 1081 ‘
168 1071 236 1131 Nec
248 1067 356 1134 minus
370 1071 532 1133 exsultant
549 1080 653 1151 aestu,
666 1091 768 1152 quom
782 1070 876 1133 fortis
888 1067 1068 1151 equumvis

166 1179 316 1241 Ferratus
325 1179 482 1259 utrinque
499 1191 646 1243 rotarum
661 1180 800 1243 succutit
811 1180 931 1244 orbeis.

207 1284 257 1346 Fit
268 1280 417 1367 quoque,
428 1286 487 1351 ubi
497 1268 634 1372 magnas
647 1286 683 1348 in
693 1306 797 1366 aquae
808 1298 981 1368 vastasque
991 1287 1110 1352 lacunas

167 1389 271 1450 Gleba
283 1397 442 1451 vetustate
453 1409 472 1450 e
484 1399 570 1450 terra
584 1388 792 1472 provolvitur
806 1388 944 1472 ingens,

165 1491 209 1552 Ut
219 1490 358 1559 iactetur
370 1509 475 1570 aquae
488 1492 585 1555 fluctu
603 1511 735 1571 quoque
747 1500 832 1553 terra
844 1489 1019 1568 vacillans3

165 1599 209 1659 Ut
221 1618 277 1661 vas
288 1599 324 1660 in
343 1610 427 1662 terra
443 1618 512 1661 non
525 1597 596 1678 quit
610 1608 777 1678 constare,
790 1596 855 1659 nisi
867 1599 992 1660 humor

163 1696 294 1764 Destitit
306 1702 343 1767 in
357 1702 458 1765 dubio
469 1705 568 1764 fluctu
582 1699 733 1762 iactarier
749 1699 847 1762 intus.

203 1809 392 1889 Praeterea,
404 1814 521 1868 ventus
534 1824 652 1886 quom,
665 1822 726 1884 per
738 1803 812 1865 loca
824 1804 969 1866 subcava
983 1811 1082 1866 terrae

165 1914 354 1993 conlectus,
366 1921 460 1994 parte
471 1932 510 1974 ex
523 1930 591 1975 una
603 1907 809 1992 procumbit,
827 1917 858 1969 et
870 1916 968 1997 urget
1142 1892 1144 1899 ¹

163 2016 314 2080 Obnixus
328 2016 455 2103 magnis
468 2018 640 2098 speluncas
652 2013 777 2076 viribus
791 2013 886 2087 altas3

161 2121 327 2185 Incumbit
342 2121 453 2200 tellus,
466 2138 533 2201 quo
551 2118 641 2180 venti
654 2138 760 2201 prona
770 2115 892 2200 premit
904 2115 970 2179 vis:
1057 2113 1104 2175 660
1129 2151 1131 2159 ι

161 2224 264 2304 Tum,
275 2244 376 2305 supra
390 2232 509 2284 terram
523 2232 696 2302 quaesunt
710 2231 871 2284 exstructa
884 2222 1073 2301 domorum,

159 2329 210 2388 Ad
223 2329 418 2407 coelumque
432 2327 537 2411 magis
548 2335 671 2406 quanto
681 2336 758 2388 sunt
770 2326 858 2387 edita
873 2342 1052 2411 quaeque‚'

158 2432 198 2492 In
213 2433 334 2495 clinata
351 2434 478 2495 minent
488 2432 524 2496 11
538 2435 693 2511 eandem,
710 2423 1020 2514 prodi-ta,'partem;

158 2539 410 2617 Protractaeque
423 2542 528 2601 trabes
543 2539 753 2621 impendent,
769 2538 818 2600 ire
831 2548 985 2622 paratae:

156 2641 197 2701 Et
211 2648 363 2702 metuunt
380 2642 493 2724 magni
506 2652 657 2703 naturam
676 2645 809 2705 credere
825 2642 944 2709 mundi

156 2744 296 2811 Exitiale
312 2745 448 2826 aliquod
464 2757 591 2827 tempus
603 2748 797 2828 clademque
812 2769 964 2830 manere,

157 2853 267 2934 Quom
279 2839 412 2914 videant
422 2861 545 2913 tantam
565 2861 726 2913 terrarum
740 2852 934 2917 incumbere
949 2853 1086 2920 molem?

157 2957 271 3036 Quod,
288 2954 351 3017 nisi
369 2957 528 3039 respirent
538 2957 645 3037 venti,
655 2956 704 3020 vis
720 2960 814 3021 nulla
825 2960 989 3023 refraenet

155 3060 239 3142 Res,
254 3083 362 3143 neque
378 3067 419 3125 ab
432 3064 532 3126 exitio
547 3062 648 3145 possit
657 3065 897 3146 reprehendere
911 3067 1055 3132 eunteisz

155 3166 267 3244 Nune,
283 3167 360 3245 quia
373 3165 534 3246 respirant
544 3166 693 3248 alternis,
710 3167 813 3248 inque
825 3177 1040 3255 gravescunt,
1075 3210 1078 3215 ,

153 3271 211 3352 Et,
226 3269 319 3349 quasi
331 3270 484 3349 conlecti,
498 3271 652 3350 redeunt,
665 3271 849 3350 ceduntque
861 3270 1004 3352 repulsi3

152 3378 289 3459 Saepius
302 3378 388 3437 hanc
401 3376 444 3437 ob
458 3397 529 3436 rem
542 3375 713 3445 minitatur
726 3388 811 3438 terra
825 3376 958 3460 ruinas,

153 3489 262 3569 Quam
277 3486 373 3548 facit:
388 3484 568 3547 inclinatur
579 3485 686 3565 enirn,
698 3495 851 3565 retroque
862 3486 1008 3568 recellit,
1041 3537 1044 3541 .

154 3590 193 3649 Et
207 3591 324 3673 recipit
340 3593 492 3674 prolapsa
506 3612 581 3654 suas
595 3590 631 3653 in
648 3593 797 3672 pondere
809 3591 930 3655 seticis.-

153 3699 225 3759 Hac
236 3695 338 3780 igitur
351 3698 477 3762 ratione
490 3698 645 3760 vacillant
661 3698 774 3763 omnia
788 3701 885 3778 tecta,

152 3797 287 3887 Summa
302 3799 405 3884 magis
420 3798 674 3881 mediis‚.media
688 3801 783 3886 imis,
795 3803 862 3867 ima
877 3803 1054 3886 perhilum.
