2550 4726
225 400 235 407 a
299 338 375 416 nr
405 342 449 414 r.
475 313 799 421 Lu’cunrro.
947 372 1020 429 m

74 498 177 599 sophia
196 505 457 598 nov-antiqua,
484 529 556 599 qua
578 506 779 579 confutavit
791 507 1018 604 Lucretium,

71 637 182 686 excusa
192 631 244 686 est
259 615 456 687 Mediolani
472 637 574 706 ¹⁷04·
594 637 648 689 11.
661 633 697 687 et
706 618 831 689 merita
844 622 948 692 laude
959 647 1018 694 ce-

66 726 211 796 lebratur
232 726 270 793 in
290 724 414 794 Diario
434 723 599 812 Veneto,
617 725 785 799 Giornale
803 727 1018 803 de'letterati

65 832 212 919 d'Italia,
242 832 350 902 Tom.
369 831 448 904 Vll.
470 857 547 930 pag.
574 853 652 924 114.
677 858 750 928 seq.
772 834 911 907 Henrici
934 838 1021 911 Mori

60 943 220 1015 Poemata
239 944 503 1037 philosophica,
526 944 708 1037 inquibus
721 949 911 1042 praecipue
924 950 1022 1019 mul·

60 1068 87 1123 ta
98 1077 165 1147 pro
179 1053 384 1125 animorum
400 1052 684 1140 immortalitate,
704 1059 867 1147 praelum¹
881 1081 1020 1129 evasere

60 1165 299 1263 Cantabrigiae
316 1164 419 1253 1647.
432 1163 462 1237 8.
482 1163 694 1240 Blockmorii,
708 1166 845 1259 Equitis
856 1185 892 1238 et
902 1165 1021 1238 Medi·

59 1271 360 1357 ciLondinensis,
382 1280 512 1371 poema
526 1269 660 1368 insigne
675 1270 722 1342 de
738 1275 943 1363 creatione,
966 1299 1020 1347 se-

59 1400 151 1476 ptem
167 1401 331 1457 constans
343 1382 460 1470 libris,
482 1407 558 1475 quo
569 1385 837 1458 Providentiam
852 1389 1021 1462 Numinis

61 1492 217 1564 adversus
227 1492 433 1564 Lucretium
448 1491 629 1580 defendit,
649 1494 718 1566 iam
728 1498 874 1568 tertium
883 1500 1018 1590 prodiit

48 1596 209 1673 'Londini
225 1624 279 1671 an.
304 1620 406 1692 ¹⁷¹4·
441 1601 572 1672 Genetri
589 1614 718 1695 poema
734 1603 1017 1696 pulcherrimum

63 1709 186 1782 Parisiis
208 1712 387 1804 primum,
410 1711 544 1782 deinde
562 1709 819 1786 Amstelodami
837 1740 893 1786 an.
913 1739 1016 1803 1717.

67 1845 109 1895 11.
130 1847 304 1894 excusum
327 1825 395 1894 hoc
418 1824 525 1894 titulo
542 1840 612 1893 est:
636 1818 803 1924 Principes
824 1829 861 1898 de
875 1829 1018 1926 philoso-

61 1932 142 2028 phie.
163 1957 205 2002 ou
228 1929 362 2029 pretim
381 1933 556 2002 naturelles
577 1933 615 2002 de
632 1931 814 2005 l’existence
830 1937 866 2005 de
880 1934 966 2007 D'ieu
984 1955 1017 2010 et

65 2039 93 2108 de
106 2038 339 2110 l'imanortalite'
352 2041 388 2108 de
398 2040 500 2108 l’ame.
511 2039 611 2109 Idem
624 2065 707 2111 cum
720 2038 902 2112 Bettholdi
913 2046 1016 2113 Hen-

63 2150 114 2221 rici
136 2148 311 2221 Brocltesii
340 2149 550 2242 metaphrasi
576 2150 784 2220 Germanica
817 2151 1014 2249 Hamburg.

67 2260 155 2345 1728.
171 2262 205 2330 8.
218 2255 485 2329 Sed'Marchetti
500 2256 688 2349 (eiusdem,
705 2258 804 2335 cuius
816 2259 1016 2349 metaphra-

62 2365 104 2432 sin
114 2357 270 2436 Lucretii
277 2361 435 2431 Italicam
448 2360 537 2430 infra
548 2359 775 2451 memorabo)
792 2362 923 2431 Poema
932 2363 1015 2454 phi·

61 2462 277 2565 Iosophicum
301 2468 554 2564 imperfectum
582 2471 627 2539 ab
656 2487 800 2541 auctore
825 2471 1012 2562 relictum,

60 2605 117 2652 nec
129 2583 202 2652 luci
216 2580 341 2652 datum
357 2597 426 2666 est,
442 2581 540 2650 cuius
553 2578 697 2649 initium
707 2575 824 2649 ‘exstat
836 2580 873 2649 in
887 2576 1025 2653 Diario'

60 2685 193 2760 Veneto
209 2689 317 2760 Tom.
332 2686 431 2758 XXI.
442 2710 519 2783 pag.
532 2687 708 2776 258·260.
732 2686 805 2757 Nec
826 2687 1011 2759 Germania

57 2800 176 2870 nostris
199 2798 319 2884 deest,
352 2820 462 2889 quem
492 2795 681 2893 ingeniosis
710 2797 804 2866 hisce
830 2796 1008 2892 religionis

57 2905 400 2998 assertoribuspoetis
422 2929 602 2975 accensere
624 2929 707 2974 cum
730 2904 859 2988 laude,
878 2919 915 2973 et
934 2905 1009 2974 Lu-

56 3019 160 3088 cretio
184 3037 369 3109 opponere
389 3014 581 3106 possimus,
606 3011 767 3080 laudatus
793 3011 1007 3088 Broclesius,

55 3125 150 3195 cuius
165 3125 320 3195 carmina
343 3118 542 3190 suavissima
563 3117 747 3188 vernacula
766 3116 812 3186 de
836 3116 1007 3189 Creatoris

10 3288 12 3335 Ι
53 3214 87 3306 et
99 3258 220 3304 rerum
235 3249 429 3303 creatarum
451 3225 665 3300 admirandis
682 3227 752 3297 iam
776 3226 909 3319 saepius
926 3246 1007 3320 post

10 3372 12 3383 ·
50 3346 204 3439 primam
218 3365 273 3412 an.
291 3363 391 3432 1723.
405 3340 602 3436 Hamburgi
618 3339 795 3436 vulgatam
809 3338 1006 3411 editionem

49 3477 169 3526 recusa
189 3468 346 3545 quatuor
358 3451 602 3522 voluminibus
618 3451 656 3520 in
672 3452 703 3520 8.

97 3561 138 3632 si
161 3562 241 3654 quis
262 3560 410 3634 titulum
432 3561 545 3632 modo
568 3564 749 3648 consulat,
777 3560 878 3632 facile
901 3578 1007 3655 putet

49 3672 219 3743 Lucretio
244 3671 352 3742 etiam
379 3673 586 3766 oppositum
608 3696 678 3741 esse
706 3670 839 3739 librum
867 3669 1006 3787 Belgica
1068 3741 1071 3746 ,

48 3806 153 3875 prosa
166 3774 276 3852 Amst
294 3800 394 3862 1710.
408 3781 439 3856 8.
448 3779 493 3885 ab
504 3779 660 3852 Henrico
674 3744 922 3873 Wyermarsio
927 3783 1019 3853 vul·
