2550 4726
258 304 295 404 is
454 337 993 406 nuncnunrunruns
1049 347 1180 427 now.
1236 353 1240 363 ’

254 484 295 548 Et
307 493 434 546 mutare
446 487 573 566 locum,
589 484 739 565 quamvis
755 485 822 550 sint
829 490 948 552 omnia
965 491 1076 572 plena.

254 591 384 654 Scilicet
396 592 431 653 id
445 593 525 655 falsa
546 602 652 655 totum
669 593 794 657 ratione
812 609 978 680 receptum
994 608 1050 661 est.

254 699 337 781 Nam
349 718 415 778 quo
430 698 630 783 squamigeri
649 709 804 780 poterunt
820 705 1000 783 procedere
1017 706 1174 790 tandem,

254 801 297 862 Ni
312 801 452 884 spatium
473 801 624 862 dederint
639 801 771 865 latices?
790 806 971 866 concedere
988 824 1091 887 porro

254 909 330 993 Quo
342 914 497 990 poterunt
510 909 640 988 undae,
660 929 735 971 eum
751 908 855 991 pisces
868 909 917 972 ire
936 910 1145 991 nequibunt?

254 1012 321 1087 Aut
333 1009 435 1099 igitur
450 1018 542 1072 motu
554 1010 754 1092 privandum
765 1023 812 1075 est
826 1031 965 1096 corpora
975 1033 1147 1099 quaeque,

254 1118 319 1178 Aut
332 1135 399 1178 esse
412 1116 595 1179 admixtum
610 1117 790 1180 dicundum
806 1128 853 1182 est
867 1120 965 1182 rebus
976 1119 1093 1198 inane3

254 1224 351 1285 Unde
362 1221 480 1284 initum
491 1223 637 1305 primum
649 1225 756 1306 capiat
767 1245 820 1288 res
832 1244 981 1307 quaeque
992 1225 1162 1289 movendi.
1206 1248 1210 1255 ·

295 1331 479 1412 Postrem0,
489 1332 556 1393 duo
566 1332 607 1392 de
623 1350 785 1395 concurso
798 1353 936 1416 corpora
950 1335 1018 1403 lata

182 1440 184 1445 ’
255 1437 289 1501 Si
301 1438 362 1500 cita
376 1439 553 1522 dissiliant,
566 1460 684 1521 nempe
697 1444 753 1501 aer
767 1459 866 1503 omne
880 1460 1010 1504 necesse
1021 1448 1083 1524 est,

201 1540 213 1629 ⁴,
253 1540 344 1604 Inter
355 1562 493 1624 corpora
507 1545 598 1623 quod
610 1542 682 1624 fiat,
693 1543 960 1624 possidatinane.
999 1568 1002 1577 ·

252 1647 286 1710 ls
295 1669 396 1730 porro
408 1649 571 1731 quamvis,
582 1650 706 1712 circum
718 1650 939 1714 celerantibus
947 1651 1051 1736 auris,
1124 1648 1127 1653 ’

255 1753 420 1833 Confluat,
431 1755 521 1815 haud
532 1753 652 1836 poterit
663 1765 773 1818 tamen
782 1776 851 1818 uuo
865 1767 1011 1841 tempore
1026 1766 1132 1820 totum

254 1854 424 1939 Compleri
438 1858 682 1940 spatiumtna'm
691 1860 837 1942 primum
844 1881 1009 1942 quemque
1018 1881 1150 1925 necesse
1156 1867 1208 1924 est

255 1961 403 2046 Occupet
415 1965 473 2028 ille
486 1968 613 2048 locum,
624 1967 744 2029 deinde
755 1967 867 2031 omnia
878 1967 1114 2051 possideantur.

208 2080 213 2090 '
295 2067 394 2151 Quod
405 2068 433 2132 si
444 2069 528 2132 forte
542 2067 673 2151 aliquis,
684 2089 786 2149 quorn
800 2089 939 2153 corpora
956 2069 1141 2153 dissiluere,
1154 2073 1219 2154 39²

254 2182 340 2245 Tum
352 2182 445 2259 putat
456 2170 494 2234 id
504 2169 594 2252 fieri,
605 2171 684 2252 quia
697 2192 732 2234 se
750 2173 947 2233 condenseat
961 2174 1031 2249 aer,

253 2287 363 2346 Erratt
374 2299 453 2342 nam
462 2297 605 2339 vacuum
618 2289 688 2338 tum
699 2276 751 2357 fit,
762 2278 853 2357 quod
864 2275 1005 2337 nonfuit
1017 2283 1113 2357 ante,

253 2391 294 2450 Et
305 2390 449 2470 repletur
462 2385 540 2446 item
550 2428 560 2463 ,
569 2403 712 2444 vacuum
721 2383 810 2463 qnod
823 2380 967 2444 constitit
981 2390 1074 2459 aute,

253 2499 320 2557 Nec
335 2491 391 2554 tali
406 2491 532 2552 ratione
546 2498 650 2571 potest
666 2489 829 2551 denserier
842 2495 918 2569 aer,

253 2601 336 2679 Nec,
346 2597 373 2658 si
384 2596 451 2656 iam
462 2602 585 2675 posset,
595 2593 666 2655 sine
677 2592 770 2655 inani
782 2604 904 2675 posset,
914 2593 1048 2676 opinor,

252 2709 327 2790 lpse
337 2704 372 2765 in
381 2724 416 2765 se
425 2703 562 2781 trahere,
573 2709 604 2761 et
615 2700 736 2781 parteis
746 2703 929 2764 conducere
942 2701 977 2763 in
986 2720 1102 2763 unum.
1196 2756 1200 2763 .

254 2818 479 2900 Quapropter,
491 2808 640 2891 quamvis
655 2810 820 2870 causando
831 2809 936 2871 multa
947 2806 1104 2888 moreris,

161 2908 172 2919 '⁵
253 2921 329 2984 Esse
339 2918 376 2982 in
389 2920 485 2980 rebus
499 2915 600 2979 inane
613 2925 723 2977 tamen
736 2914 860 2981 fateare
871 2930 1001 2979 necesse
1018 2925 1075 2977 est.

293 3030 467 3108 Multaque
477 2974 645 3108 praetento
659 3021 720 3086 tibi
732 3043 864 3105 possum
880 3021 1174 3086 commemorando

253 3133 456 3217 Argumenta
466 3129 566 3191 fidem
577 3129 672 3192 dictis
683 3131 863 3192 conradere
875 3129 1007 3193 nostris:
1122 3172 1128 3185 ·

255 3238 378 3300 Verum
389 3234 502 3296 animo
514 3234 590 3297 satis
602 3236 683 3296 haec
695 3235 833 3320 vestigia
844 3255 946 3317 parva
957 3236 1067 3322 sagaci

254 3341 350 3420 Sunt,
362 3359 421 3422 per
434 3355 519 3416 quae
530 3337 633 3419 possis
646 3356 841 3424 cognoscere
851 3347 956 3400 cetera
970 3349 1047 3402 tute.

155 3478 157 3482 Α
254 3449 405 3528 Namque
418 3465 514 3509 canes
523 3456 561 3506 ut
573 3444 781 3533 montivagae
791 3467 946 3530 persaepe
959 3447 1042 3511 ferai

254 3553 394 3615 Naribus
404 3550 578 3615 inveniunt
591 3551 726 3614 intectas
739 3552 859 3615 frunde
871 3551 1014 3637 quietes,

256 3662 365 3742 Quom
377 3660 477 3722 semel
489 3657 677 3723 institerunt
685 3656 822 3747 vestigia
836 3668 924 3724 certa
935 3661 1021 3736 vicia

191 3830 194 3837 ,
255 3761 308 3825 Sic
319 3759 387 3822 alid
397 3783 438 3830 ex
448 3763 515 3826 alio
527 3773 633 3846 perte
647 3772 715 3825 tute
727 3762 798 3846 ipse
810 3761 921 3831 viuere
