2572 4732
223 392 225 397 ’
289 399 348 474 246
478 395 547 458 DE
573 393 769 469 RERUM
798 393 1016 468 NATURA
1067 411 1211 478 vsrcqq.

285 536 477 623 Praecepit,
490 534 713 618 ferriquevias
723 533 869 619 possedit
879 541 1028 618 apertas,

286 645 452 710 Posterior
461 642 581 724 lapidis
592 640 683 705 venit
697 651 820 723 aestus,
829 649 862 703 et
873 637 987 703 omnia
1000 640 1104 723 plena

285 750 420 814 Invenit
433 751 470 812 in
480 748 585 826 ferr03
599 767 707 828 neque
717 748 818 810 habet
830 767 897 827 qua
906 754 1028 827 tranet,
1040 752 1080 807 ut
1094 749 1184 808 antei

285 857 426 944 Cogitur
436 853 597 920 offensare
610 855 714 941 igitur
728 856 925 941 pulsareque
935 857 1036 919 fluctu

286 967 403 1028 Ferrea
420 973 507 1027 texta
521 984 598 1035 suo:
612 983 680 1044 quo
693 973 789 1045 pacto
799 961 926 1046 respuit
938 964 981 1025 ab
991 981 1042 1044 se,

252 1102 257 1129 r
283 1068 392 1148 Atque
401 1090 462 1151 per
472 1088 526 1132 aes
538 1067 658 1154 agitat,
668 1067 741 1131 siue
753 1087 794 1130 eo
804 1070 895 1149 quod
908 1087 1006 1151 saepe
1017 1068 1177 1132 resorbet.

326 1173 460 1238 Illudin
475 1176 527 1239 his
540 1178 637 1241 rebus
648 1174 762 1239 mirari
778 1175 887 1258 mitte,
904 1178 997 1257 quod
1007 1185 1116 1239 aestus

284 1284 359 1345 Non
370 1286 457 1350 valet
471 1306 490 1347 e
504 1284 616 1368 lapide
630 1286 695 1347 hoo
708 1283 790 1348 elias
806 1282 979 1366 impellere
993 1281 1075 1344 item
1087 1302 1153 1347 res.

283 1391 435 1453 Pondere
444 1391 534 1454 euim
543 1391 647 1455 fretae
656 1389 886 1474 partimstant3
901 1390 991 1471 quod
998 1408 1105 1475 genus
1116 1407 1245 1451 aurum:

285 1497 333 1558 Ac
347 1497 482 1580 partim,
495 1517 572 1563 raro
584 1495 663 1578 quia
672 1506 749 1561 sunt
760 1515 836 1557 eum
850 1515 1004 1577 corpore,
1015 1502 1053 1556 ut
1062 1501 1172 1558 aestus

283 1601 438 1663 Pervolet
453 1602 613 1684 intactus,
627 1611 798 1682 nequeunt
812 1598 977 1681 impellier
989 1618 1149 1679 usquam

282 1704 408 1791 Lignea
421 1707 570 1773 materies
580 1708 617 1771 in
628 1729 696 1788 quo
708 1727 830 1794 genere
844 1727 913 1771 esse
926 1705 1069 1772 videtur.

247 1839 251 1849 ¹
281 1809 373 1872 Inter
386 1819 542 1892 utrasque
553 1811 656 1898 igitur
671 1810 751 1878 ferri
760 1821 879 1875 natura
888 1812 1015 1892 locata,

281 1917 376 1981 Aeris
391 1919 448 1983 ubi
460 1921 587 2006 accepit
597 1922 760 2002 quaedam
775 1921 986 2002 corpuscula;
1002 1929 1074 1981 tum
1083 1915 1142 2000 tit,

282 2021 461 2105 Impellant
473 2034 509 2086 ut
520 2045 594 2087 eam
607 2024 776 2111 Magnesia
788 2022 926 2086 flumina
940 2022 1022 2089 saxi·
1171 2025 1243 2086 1063

323 2131 392 2191 Nee
404 2140 514 2194 tamen
524 2133 607 2195 haec
616 2131 663 2194 ita
675 2142 751 2197 sunt
764 2130 905 2195 aliarum
915 2150 1029 2193 rerum
1038 2126 1169 2212 aliena,

283 2233 328 2292 Ut
341 2232 425 2294 mihi
435 2235 541 2317 multa
554 2256 673 2318 parurn
688 2256 813 2320 genere
823 2256 864 2298 ex
879 2236 944 2298 hoc
955 2233 1225 2318 suppeditentur,

282 2337 376 2419 Quae
388 2358 572 2402 memorare
588 2320 709 2421 queam
722 2338 809 2402 inter
823 2361 859 2402 se
867 2337 1057 2425 singlariter
1066 2349 1154 2427 apta.

322 2423 406 2504 Sana
416 2446 509 2509 vides
522 2448 668 2529 primum
678 2450 750 2512 sola
766 2449 950 2512 ecolescere
960 2448 1064 2513 ealce:

282 2545 418 2606 Glutine
431 2551 581 2612 materies
593 2550 723 2614 taurino
738 2553 890 2640 iungitur
903 2573 987 2637 una,

281 2647 324 2706 Ut
336 2646 418 2708 vitio
429 2670 532 2712 venae
546 2653 733 2713 tabularum
748 2655 878 2735 saepius
894 2654 1042 2738 hiscant,

216 2740 221 2756 Χ
282 2756 390 2838 Quam
405 2757 516 2819 laxare
531 2768 655 2838 queant
666 2779 840 2846 compages
854 2771 969 2838 taurea
979 2763 1104 2829 vinela.

324 2862 470 2949 Vitigeni
479 2865 592 2928 latices
604 2865 641 2929 in
651 2868 749 2948 aquai
764 2858 912 2932 fontibus
925 2873 1050 2935 audent

279 2969 428 3053 Misceri,
443 2993 544 3053 quom
556 2973 613 3055 pix
631 2985 773 3056 nequeat
781 2975 907 3062 gravis,
916 2989 949 3040 et
958 2981 1031 3042 leve
1043 2979 1183 3053 olivum.

321 3079 576 3160 Purpureusque
590 3081 679 3142 colos
690 3079 846 3162 conchyli
855 3079 1005 3168 iungitur
1018 3105 1088 3149 uno
1184 3171 1186 3175 ¹

281 3184 428 3263 Corpore
440 3204 515 3244 eum
529 3185 642 3266 lanae,
654 3185 767 3246 dirimi
778 3185 837 3266 qui
850 3206 919 3249 non
931 3198 1029 3267 queat
1044 3208 1200 3275 usquam3

280 3289 370 3369 Non,
385 3289 413 3352 si
423 3290 568 3372 Neptuni
578 3294 677 3355 fluctu
690 3312 851 3355 renovare
866 3313 1004 3376 operam
1017 3298 1089 3372 des;

279 3391 354 3452 Non
364 3437 373 3472 ,
385 3412 477 3456 mare
490 3393 520 3457 si
533 3403 639 3457 totum
649 3395 730 3458 velit
741 3397 852 3458 eluere
861 3396 1017 3464 omuibus
1031 3399 1139 3468 undis

320 3498 472 3581 Denique
489 3523 541 3565 res
551 3523 633 3566 auro
644 3525 763 3566 aurum
774 3508 973 3588 concopulat
982 3528 1067 3592 una,

280 3602 423 3686 Aerique
435 3631 490 3675 aes
502 3613 642 3694 plumbo
652 3612 689 3674 fit
700 3612 749 3697 uti
759 3613 917 3700 iungatur
928 3618 972 3679 ab
983 3618 1072 3681 alltc.

322 3716 436 3780 Cetera
453 3720 521 3784 iam
536 3741 636 3803 quam
652 3727 756 3786 multa
767 3724 845 3789 licet
857 3724 1024 3808 reperire?
1036 3727 1128 3812 Quid
1139 3733 1245 3823 ergo?

279 3823 346 3883 Nec
357 3821 418 3888 tibi
430 3837 496 3888 tam
510 3828 619 3915 longis
632 3849 716 3911 opus
729 3839 777 3895 est
789 3831 985 3918 ambagibus
997 3853 1154 3919 usquam,
