2572 4732
306 332 793 412 trasumenus
971 338 1029 400 rod

64 481 115 546 Ut
125 483 267 545 nemore
279 478 317 543 in
333 476 420 544 terra
436 481 587 547 videatur
597 483 784 547 abartuhus
794 479 830 545 id
839 484 930 564 quod

65 586 202 655 Decidit
210 586 389 668 abscisum3
410 610 511 670 quom
526 612 619 655 mens
630 600 753 674 tamen,
775 595 948 686 atqueho·
1051 638 1055 644 -

594 695 697 767 minis
705 696 758 761 vis
774 741 780 751 ·

66 796 257 864 Mobilitate
269 797 350 861 mali
366 817 436 861 non
446 797 518 878 quit
530 796 651 862 sentire
665 799 834 863 dolorem:

66 910 112 971 Et
124 906 225 973 sinum
238 907 277 971 in
291 927 424 993 pugnae
434 903 542 969 studio
554 907 645 986 quod
653 905 764 970 dedita
775 926 869 971 mens
881 914 948 988 est,

68 1014 220 1094 Corpore
230 1030 306 1073 cum
321 1008 450 1089 reliquo
463 1028 611 1094 pugnam
621 1007 812 1090 caedeisque
824 1009 975 1093 petessit:

67 1121 140 1182 Nec
157 1120 261 1200 tenet,
279 1117 431 1181 amissam
449 1117 577 1179 laevam
592 1137 669 1180 cum
686 1118 830 1203 tegmine
839 1138 937 1202 saepe

67 1224 162 1307 Inter
170 1244 272 1305 equos
284 1227 435 1288 abstraxe
444 1232 551 1302 rotas,
570 1221 748 1303 fulcrisque
766 1224 928 1306 rapaceis:

68 1328 142 1391 Nec
150 1326 304 1392 cecidisse
313 1326 398 1391 alius
407 1329 570 1408 dextram,
585 1326 689 1407 quom
696 1325 841 1408 scandit,
855 1335 887 1389 et
898 1325 1006 1393 instat.

68 1431 158 1493 Inde
172 1431 256 1495 alius
267 1442 406 1497 conatur
415 1431 547 1494 ademto
561 1449 698 1516 surgere
715 1450 828 1512 crure,

69 1534 185 1617 Quom
198 1532 317 1619 digitos
326 1532 428 1621 agitat
437 1542 573 1616 propter
583 1532 803 1597 moribundus
812 1533 908 1601 humi
920 1551 996 1618 pes3

65 1634 114 1698 Et
125 1645 239 1718 caput,
253 1636 416 1701 abscisum
428 1636 537 1701 calido
552 1636 750 1719 viventeque
765 1645 898 1721 trunco,

70 1743 189 1806 Servat
202 1743 298 1804 humi
306 1745 433 1807 voltum
442 1743 594 1827 vitalem,
612 1746 790 1827 oculosque
804 1734 980 1830 patentcis,

69 1845 188 1909 Donec
199 1845 354 1926 reliquias
370 1846 495 1915 animai
508 1848 655 1911 reddidit
664 1848 801 1913 omneis.
920 1852 924 1859 '

114 1948 317 2034 Quinetiam
332 1948 393 2012 tibi
411 1950 453 2029 si,
474 1950 589 2037 lingua
603 1951 766 2032 vibrante,
783 1952 926 2016 minanti

69 2050 240 2135 Serpentis
257 2053 362 2115 cauda
375 2060 406 2115 et
419 2070 560 2137 procero
572 2072 725 2135 corpore,
739 2065 917 2136 utrumque
957 2054 1029 2128 ,658

71 2156 123 2221 Sit
136 2155 279 2221 lubitum
295 2155 332 2220 in
348 2158 469 2220 multas
481 2157 603 2240 parteis
617 2158 778 2223 discidere
790 2161 894 2239 ferro,

74 2259 202 2324 Omnia
219 2260 286 2323 iam
299 2279 447 2323 seorsum
463 2280 594 2342 cernes,
610 2261 733 2325 amcisa
747 2262 871 2326 recenti

71 2369 237 2451 volnere,
253 2367 385 2450 tortari,
400 2378 434 2433 et
442 2378 562 2437 terram
580 2389 797 2455 conspergere
812 2372 910 2448 tabor

71 2474 185 2555 lpum
193 2491 294 2552 aeque
303 2481 393 2534 retro
402 2482 529 2554 partem
542 2482 654 2557 petere
672 2494 731 2536 ore
744 2473 905 2557 priorem,

72 2579 232 2647 Volneris
243 2575 390 2660 ardenti,
402 2586 439 2639 ut
452 2597 562 2642 mersu
572 2588 714 2662 premat,
728 2578 792 2642 icta
802 2581 927 2644 dolore.

116 2685 281 2751 Omnibus
297 2706 366 2750 esse
377 2668 481 2773 igiiue
497 2694 579 2751 totas
595 2683 742 2752 dicemus
760 2687 796 2751 in
810 2686 877 2752 illis

73 2793 249 2860 Particulis
262 2795 409 2859 animas?
427 2795 470 2857 At
478 2814 517 2857 ea
533 2795 664 2860 ratione
678 2804 845 2878 sequetur,

75 2902 187 2962 Unam
197 2900 398 2963 animantem
408 2896 536 2961 animas
546 2896 699 2961 habuisse
708 2895 746 2957 in
755 2916 895 2980 corpore
901 2900 1031 2967 multas.

73 3005 165 3090 Ergo
175 3001 280 3067 divisa
293 3010 342 3064 est
352 3020 408 3078 ea,
422 3017 508 3079 quae
523 2997 589 3061 fuit
605 3015 674 3059 una
685 2996 786 3059 simul
798 3018 873 3061 cum

75 3114 242 3195 Corpore:
260 3114 463 3192 quapropter
471 3106 610 3168 mortale
621 3112 797 3184 utrumque
806 3102 992 3189 putandum
1055 3189 1064 3207 ι

605 3224 668 3294 est3

75 3329 117 3391 In
129 3329 247 3390 multas
260 3327 418 3409 quoniam
432 3324 553 3411 parteis
564 3321 737 3389 disciditur
748 3340 862 3403 aeque.

118 3434 306 3513 Praeterea,
318 3431 347 3496 si
358 3428 554 3494 immortalis
566 3435 687 3489 natura
697 3423 823 3489 animai

79 3543 229 3621 Constat,
245 3547 277 3601 et
296 3538 333 3599 in
346 3556 465 3620 corpus
481 3531 688 3598 nascentibus
704 3530 907 3606 insinuatum

77 3647 149 3707 Gur
160 3663 260 3726 super
276 3650 459 3704 anteactam
478 3647 618 3702 aetatem
636 3634 824 3700 meminisse
840 3630 1035 3716 nequimus,

78 3750 148 3812 Nec
159 3747 297 3834 vestigia
305 3754 470 3835 gestarum
487 3764 600 3813 rerum
612 3744 683 3809 ulla
697 3740 867 3806 tenemus?
