2550 4726
297 367 355 439 1³4
424 336 430 349 '
504 362 1027 428 uenerunurrunn
1087 354 1203 442 mn.

295 513 491 592 Remorum,
508 518 596 574 reeta
610 519 672 591 est3
682 519 716 575 et
726 521 815 576 reeta
831 530 972 594 superne
982 512 1148 599 guberna:
1169 575 1171 578 Α
1251 524 1255 529 “

296 617 390 697 Quae
402 617 548 679 demersa
561 616 691 700 liquore
707 621 846 698 obeunt,
859 618 1018 695 refracta,
1033 616 1188 686 videntur

294 720 416 783 Omnia
437 723 602 804 consorti,
613 744 808 806 sursumque
820 722 938 806 supina
954 722 1096 802 revortir

294 825 334 886 Et
349 819 468 888 reflexa
479 845 584 910 prope
596 827 632 890 in
645 849 775 892 summo
790 828 917 891 fluitare
936 825 1076 908 liquore.

336 930 488 1010 Raraque
498 951 559 1012 per
572 932 702 995 eoelum
719 943 790 996 tum
806 931 896 995 venti
912 931 1028 995 nubila
1041 938 1176 1015 portant

295 1029 458 1111 Tempore
471 1042 649 1112 nocturno,
663 1056 762 1114 quom
776 1035 949 1118 splendida
966 1035 1061 1122 signa
1072 1035 1219 1103 videntur

295 1134 415 1197 Labier
429 1136 606 1201 advorsum
619 1137 764 1214 nimbos,
780 1149 877 1219 atque
890 1137 939 1202 ire
956 1158 1099 1221 superne
1129 1190 1132 1195 .

294 1236 407 1323 Longe
420 1236 519 1301 aliam
533 1240 718 1324 inperterri,
735 1264 834 1323 quam
847 1264 914 1325 quo
927 1244 1057 1308 ratione
1066 1246 1228 1311 feruntur*

337 1343 394 1420 At,
406 1340 433 1403 si
446 1342 529 1407 forte
542 1347 641 1408 oculo
653 1366 769 1409 manus
783 1346 842 1408 uni
859 1348 1008 1431 subdita,
1021 1355 1138 1416 subter

260 1490 264 1507 .
295 1449 416 1513 Pressit
435 1471 529 1534 eum,
548 1456 692 1535 quodam
704 1474 800 1517 sensu
815 1453 868 1536 fir,
882 1455 931 1518 uti
942 1455 1119 1520 videantur

296 1552 532 1636 Omnia‚quae
549 1553 769 1638 tuimur,fieri
785 1568 854 1618 tum
867 1555 946 1619 bina
960 1558 1099 1638 tuend03

293 1656 375 1723 Bina
387 1657 596 1723 lucernarum
609 1656 758 1721 florentia
771 1656 898 1720 lumina
913 1657 1068 1741 flammis,-
1098 1662 1101 1667 ’

293 1765 441 1846 Binaque
453 1787 514 1848 per
528 1775 609 1828 totas
623 1767 731 1829 aedeis
748 1766 919 1853 geminare
930 1771 1096 1852 supellsxe
1172 1824 1175 1831 .

293 1872 335 1933 Et
343 1873 489 1956 duplices
506 1873 680 1938 hominurn
695 1873 813 1953 facies,
828 1882 861 1936 et
875 1893 1015 1957 corpora
1031 1876 1122 1939 bina.

333 1979 501 2063 Denique,
516 1999 617 2061 quom
629 1979 722 2045 suavi
734 1979 884 2043 devinxit
899 1983 1049 2044 membra
1059 1998 1178 2065 sopore

177 2116 179 2121 ·
293 2089 452 2168 Somnus,
464 2087 541 2150 etin
557 2108 686 2152 summa
701 2108 820 2172 corpus
832 2087 916 2151 iacet
928 2107 1028 2151 omne
1036 2082 1167 2170 'quiete3
1187 2083 1269 2163 45

290 2193 378 2255 Tum
390 2183 527 2278 vigilare
544 2204 653 2258 tamen
668 2194 775 2274 nobis,
790 2203 823 2255 et
839 2193 987 2256 membra
1004 2211 1140 2256 morere

291 2302 408 2363 Nostra
422 2301 593 2382 videntur,
604 2310 635 2362 et
648 2302 685 2363 in
699 2301 802 2364 noctis
816 2298 958 2386 caligine
972 2320 1069 2364 caeca

235 2398 246 2478 Ϊ
292 2406 435 2467 Cernere
449 2424 616 2468 censemus
632 2406 756 2486 solem,
770 2406 950 2483 lumenque
961 2403 1137 2481 diurnum

291 2514 518 2590 Conclusoque
528 2512 603 2574 looo
614 2514 760 2594 eoelum,
771 2511 1041 2593 mare,flumina,
1058 2511 1197 2576 monteis

290 2620 432 2694 Mutare,
447 2626 479 2677 et
492 2636 624 2697 campos
633 2617 772 2698 pedibus
786 2616 937 2699 transire,
950 2612 1120 2696 videnum

290 2724 330 2784 Et
341 2721 466 2785 sonitus
479 2719 610 2805 audire,
626 2738 739 2782 severa
751 2719 881 2782 silentia
893 2719 998 2784 noetis

273 2868 278 2879 ·
289 2827 445 2908 Undique
458 2846 559 2907 quom
569 2835 731 2906 constent,
742 2836 774 2887 et
787 2827 924 2890 reddere
937 2825 1024 2889 dieta
1040 2834 1193 2890 taeentesa

332 2938 447 2998 Cetera
458 2935 498 2996 de
508 2954 628 3018 genere
638 2934 702 2994 hoo
714 2932 865 2994 mirande
874 2933 978 2993 multa
988 2930 1158 3013 videmus,

223 3032 226 3037 ’
291 3040 385 3124 Quae
397 3037 520 3100 violare
530 3035 628 3098 fidem
642 3035 735 3114 quasi
744 3034 890 3098 sensibus
901 3034 1013 3097 omnin
1022 3032 1203 3116 quaerunt:

288 3141 517 3222 Nequidquam
527 3161 535 3214 ;
554 3138 712 3219 quoniam
722 3158 798 3220 pars
807 3140 927 3202 horum
938 3156 1094 3203 maxuma
1108 3141 1194 3205 fallit

288 3249 426 3328 Propter
440 3244 591 3324 opinatus
601 3242 719 3319 animi,
733 3262 814 3323 quos
828 3242 979 3305 addimus
990 3243 1075 3327 ipsi,
1180 3295 1183 3299 ,

195 3399 206 3422 .
287 3355 352 3416 Pro
365 3350 441 3412 visis
455 3357 492 3410 ut
504 3347 683 3463 {iffiffle
694 3367 762 3409 non
772 3356 849 3408 sunt
862 3347 1002 3411 sensibu’
1013 3347 1091 3412 visa.

41 3487 49 3506 ·
80 3461 83 3467 '
128 3448 131 3453 ’
230 3450 251 3527 Δζ
289 3455 371 3515 Nam
387 3449 472 3514 nihil
501 3470 570 3510 evm
594 3458 667 3510 sest
695 3467 796 3529 quam
808 3469 859 3511 res
874 3464 1041 3513 secernere
1050 3460 1182 3534 apertas

234 3540 247 3574 ²
290 3556 340 3618 Ab
354 3553 619 3635 dubiis7annnus
635 3569 716 3632 quas
730 3552 1096 3635 abseprotinusabdit.

331 3656 497 3737 Denique,
512 3654 560 3718 nil
569 3654 645 3718 seiri
660 3653 688 3716 si
701 3654 774 3733 quis
788 3665 895 3738 putat,
904 3656 940 3718 id
950 3676 1083 3742 quoque
1094 3660 1212 3746 nescit,

292 3755 432 3821 Ansciri
443 3757 560 3840 possit,
575 3755 752 3838 quosenil
767 3756 851 3821 seire
867 3757 997 3824 fatetur.
1154 3766 1157 3769 ’
