2550 4726
298 342 501 434 arsen
539 370 593 436 11.
619 360 757 453 'aesa-
962 377 1002 438 as

50 512 187 597 llavolt,
201 530 304 596 quam
317 513 424 580 laticis
434 515 608 599 proprium
626 515 776 598 proferre
788 536 963 597 vocamen3

54 622 287 704 Concedamus,
306 632 343 685 ut
354 621 410 685 hic
422 630 584 685 terrarum
601 622 728 687 diuites
746 626 865 687 orbem
962 650 966 656 ·

58 727 240 792 EsseDeitm
259 737 416 811 matrem,
432 730 512 791 dum
525 748 653 792 verare
671 738 782 793 tamen
799 731 882 813 ipse.

89 837 189 916 Saepe
202 833 328 916 itaque,
342 855 384 899 ex
399 855 469 898 uno
482 836 653 929 tondentes¹
661 838 813 925 gramina
825 859 961 925 eampo,

10 989 15 1013 ,
61 934 226 1022 lanigerae
241 940 403 1021 pecudes,
420 949 455 1003 et
471 960 632 1020 equorum
645 941 788 1006 duellica
799 945 927 1025 proles,
973 982 979 989 ·

61 1039 265 1121 Bueeriaeque
274 1062 410 1129 greges,
429 1044 545 1106 eodem
566 1045 785 1132 subtegmine
802 1045 900 1131 coeli,
920 1068 924 1078 ·
959 1083 960 1086 =
1027 1098 1030 1103 ,

61 1144 99 1209 Er
110 1167 242 1229 unoque
254 1147 343 1211 sitim
353 1152 503 1212 sedantes
516 1149 652 1212 flumine
668 1154 785 1234 aquai,

61 1247 205 1314 Dissimili
217 1251 334 1314 vivunt
344 1253 469 1335 specie,
488 1255 650 1317 retinente
666 1265 837 1336 parentem

61 1354 219 1440 Naturam,
235 1369 266 1422 et
278 1379 387 1424 mores
396 1361 580 1446 generatim
593 1380 744 1442 quaeque
757 1361 946 1428 imitantur:
996 1396 998 1401 v

60 1461 150 1527 Tanta
165 1478 229 1548 est,
244 1468 281 1530 in
294 1453 412 1549 quous
425 1487 548 1555 genere
560 1469 697 1549 herbae,
715 1467 866 1529 materiai

59 1566 219 1636 Dissimilis
236 1574 340 1652 ratio;
356 1584 447 1637 tanta
460 1584 509 1638 est
523 1575 560 1637 in
573 1573 710 1636 flumine
726 1593 885 1655 quoque*

57 1673 133 1742 Hinc
145 1700 247 1762 porro
263 1681 413 1762 quemvis
425 1682 628 1746 animantem
644 1701 685 1744 ex
704 1681 859 1744 omnibus
873 1703 941 1746 una

56 1779 141 1866 Ossa,
153 1807 265 1869 cruor,
279 1808 399 1868 venae,
412 1791 513 1864 calor,
528 1791 664 1869 humor,
673 1787 814 1870 viscera,
832 1789 939 1872 nervi,
956 1808 959 1817 ·

31 1890 269 1974 'Constimuntt
290 1910 462 1978 quaesunt
475 1919 592 1981 porro,
613 1899 766 1963 distantia
778 1904 897 1987 longe,
951 1925 961 1943 ⁷·

10 2036 13 2049 ·
48 1993 207 2062 Dissimili
220 2003 363 2081 perlecta
374 1999 482 2085 figura
497 2001 748 2082 principiorum.
943 2009 1001 2085 672

84 2104 172 2166 Tum
186 2122 288 2184 porro
298 2123 513 2184 quaecunque
526 2104 597 2189 igni
608 2107 773 2169 flammate
789 2119 989 2192 cremantur,
1010 2124 1016 2137 '

39 2199 79 2266 Si
95 2209 141 2271 nil
151 2220 339 2291 practerea,
354 2219 465 2271 tamen
478 2211 559 2273 haec
574 2209 760 2292 incorpore
773 2214 921 2291 aluntur,
1004 2238 1009 2263 ι

37 2302 141 2375 Unde
153 2313 266 2397 ignem
282 2313 404 2395 iacere,
421 2315 576 2376 etlumen
589 2313 807 2397 summittere,
821 2315 966 2397 possint3

31 2406 272 2499 scintillasque
289 2438 402 2505 agere,
419 2421 535 2483 aelate
548 2416 682 2483 differre
695 2420 854 2492 favillam.

94 2525 202 2586 Cetera
219 2523 383 2586 consimili
399 2525 517 2587 mentis
533 2521 661 2588 ratione
678 2545 873 2613 peragrans,

14 2691 17 2694 ,
34 2616 198 2691 Invenies
212 2628 316 2714 igitur
328 2630 507 2692 multarum
523 2630 650 2693 semina
666 2652 777 2694 rerum

40 2723 193 2814 Corpore
208 2734 332 2815 celare,
345 2743 378 2798 et
389 2734 496 2797 varias
508 2734 664 2800 cohibere
679 2732 811 2821 figuras.

97 2837 240 2919 Denique
251 2840 356 2902 multa
368 2837 475 2921 vides,
487 2840 647 2920 quibuset
658 2841 750 2901 color
762 2850 793 2900 et
802 2857 902 2919 sapor
912 2859 981 2903 nna

51 2928 188 3004 Reddita
203 2954 278 3006 sunt
291 2963 367 3004 cum
383 2943 502 3019 odore,
523 2940 675 3023 inprimis
685 2941 842 3021 pleraque
856 2943 960 3024 (lona,
1005 2980 1008 2985 -

58 3033 222 3131 Religione
235 3046 384 3110 animum
402 3047 490 3128 turpi
505 3065 607 3127 quom
626 3054 759 3128 tangere
778 3054 884 3126 pacto.
978 3079 983 3093 ι

64 3140 140 3216 Haec
153 3154 254 3242 igitur
269 3152 369 3217 variis
386 3153 506 3215 debent
520 3158 668 3213 constare
680 3147 810 3236 figuris:
900 3186 904 3191 -
967 3158 971 3165 '
997 3178 1008 3192 ι

69 3247 154 3321 Nidor
165 3262 254 3324 enim
269 3267 437 3343 penetrat,
454 3277 520 3339 qua
535 3276 650 3319 succus
664 3276 733 3319 non
743 3256 770 3319 it
785 3256 821 3320 in
835 3266 940 3320 artust

70 3359 170 3431 Succos
181 3368 260 3431 item
269 3387 435 3442 seorsum,
444 3371 484 3436 ,et
496 3384 644 3428 seorsum
654 3352 768 3448 sapor,
781 3363 969 3428 insinuatur

68 3468 222 3551 sensilium
240 3484 276 3535 ut
289 3491 403 3536 noscas
422 3470 538 3553 primis
555 3466 688 3534 differre
699 3469 828 3556 figuris.

62 3574 231 3641 Dissimiles
250 3578 353 3664 igitur
371 3577 498 3639 formae
515 3578 740 3661 glomeramen
757 3575 793 3637 in
811 3596 916 3639 unum

21 3732 24 3737 .
61 3681 279 3746 Conveniunt:
299 3692 331 3744 et
344 3702 396 3744 res
407 3679 569 3763 permixto
585 3681 711 3745 semine
725 3684 883 3744 constant.
937 3714 939 3723 ·

92 3789 184 3876 Quin
196 3790 296 3856 etiam
306 3787 428 3876 passim
440 3786 559 3863 nostris
577 3787 614 3851 in
631 3786 780 3857 versibus
792 3785 872 3872 ipsis
