2572 4732
186 355 245 430 ηε
391 351 459 414 nr
486 350 678 412 aranu
706 349 922 415 uaruua
973 372 1006 417 v.
1027 356 1100 419 820.
1134 428 1138 433 J

172 493 335 556 'Eiusdem
349 490 477 578 generis
486 511 496 570 3
506 493 565 554 aed
574 488 713 570 femina,
729 510 814 570 quae
828 490 979 558 scitante
999 510 1002 517 ·

182 599 222 659 In
235 596 405 678 manibus,
422 595 474 658 vir
484 595 535 677 uti
550 595 653 658 factus
666 595 816 657 videatur
833 597 965 660 adesse=

180 705 245 766 Aut
255 702 320 765 alia
334 724 375 765 ex
393 703 457 765 alia
470 701 569 765 facies
579 710 731 781 aetasque
745 710 918 781 sequature

179 811 279 894 Quod
292 830 335 871 ne
345 808 519 889 miremur,
533 825 634 889 sopor
643 815 743 887 atque
754 805 878 869 oblivia
889 815 1017 872 curant.

218 913 307 975 Illud
318 911 354 973 in
363 909 414 973 hir
423 911 521 972 rebus
535 906 654 970 vitium
665 910 877 983 vehementer
890 908 997 974 inesse

178 1000 332 1101 Effugere
349 1033 515 1097 errorem,
529 1012 699 1093 vitareque
711 1024 994 1098 praemetuenter,

178 1123 320 1186 Lumina
336 1142 379 1186 ne
397 1121 497 1185 facias
511 1121 684 1184 oculorum
696 1121 785 1182 clara
798 1129 924 1202 creata,

176 1227 366 1310 Prospioere
378 1237 416 1290 ut
425 1226 602 1310 posuimua3
614 1233 662 1306 et,
673 1233 710 1286 ut
721 1225 869 1306 proferre
879 1225 947 1288 viai

175 1332 333 1394 Proceros
345 1350 476 1414 passus,
489 1329 567 1392 ideo
579 1326 708 1412 fastigia
724 1347 820 1410 posse

175 1433 333 1493 Surarum
342 1451 382 1494 ac
394 1430 572 1513 feminum,
584 1429 724 1513 pedibus
739 1429 891 1515 fundata,
902 1430 1032 1516 plicari:

174 1538 311 1601 Brachia
326 1548 396 1602 tum
406 1557 524 1622 porro,
539 1535 658 1600 validis
674 1554 715 1600 ex
731 1547 807 1619 apta
822 1538 971 1623 lacertis,

174 1643 266 1720 Esse,
277 1660 460 1721 manusque
474 1642 581 1722 datas,
599 1640 770 1718 utraque'a
781 1650 875 1722 parte
886 1641 1071 1725 ministras,

173 1745 217 1806 Ut
231 1746 339 1807 facere
352 1746 397 1806 ad
412 1744 513 1805 vitam
529 1762 714 1825 possemus,
731 1762 817 1823 quae
827 1743 912 1806 foret
928 1765 1017 1808 usus.

214 1849 330 1910 Cetera
339 1848 380 1910 de
389 1867 510 1933 genere
520 1848 584 1909 hoc
590 1891 605 1928 ,l
611 1845 698 1908 inter
711 1865 909 1927 quacunque
918 1858 1107 1935 pretantur,

173 1956 295 2019 Omnia
306 1975 462 2040 pervorsa
472 1963 681 2037 praepostera
693 1965 770 2017 sunt
781 1954 926 2019 ratione:
1128 2030 1134 2043 ι

169 2058 226 2147 Nil
236 2062 320 2124 adeo
333 2056 490 2142 quoniam
499 2069 615 2122 natum
624 2058 720 2124 estin
734 2078 889 2145 corpore,
903 2073 941 2125 ut
950 2063 1000 2127 uti
1064 2061 1123 2127 83⁵

170 2163 357 2245 Pouemua3
368 2167 441 2248 aed,
455 2168 547 2247 quod
563 2175 678 2233 natum
691 2179 758 2252 eat,
771 2169 807 2232 id
817 2181 969 2253 procreat
982 2193 1087 2251 usum.

169 2277 236 2337 Nec
249 2275 312 2338 fuit
325 2285 400 2340 ante
414 2275 528 2341 videre
540 2279 713 2340 oculorum
724 2276 851 2341 lumina
862 2288 957 2359 nata3

169 2382 237 2443 Nec
252 2379 346 2446 dictis
362 2401 458 2447 orare
473 2381 585 2467 prius,
598 2402 699 2464 quam
717 2382 832 2469 lingua
846 2374 955 2449 creata
968 2395 1034 2451 estc

115 2557 120 2563 ¹
169 2486 233 2567 Sed
245 2485 355 2567 potius
367 2489 468 2573 longe
478 2486 611 2575 linguae
627 2487 802 2582 praecessit
816 2489 911 2576 origo

167 2589 379 2666 Sermonem
396 2593 568 2670 multoque
584 2602 712 2654 creatae
724 2601 800 2655 sunt
815 2593 908 2675 prius
923 2613 1035 2677 aures,

168 2695 278 2777 Quam
288 2711 388 2755 sonus
398 2702 445 2755 eet
460 2688 607 2771 auditua3
623 2703 655 2756 et
667 2694 780 2773 omnia
791 2696 933 2778 denique
941 2703 1091 2765 membra

166 2796 369 2879 Anteium,
383 2806 420 2859 ut
437 2796 571 2880 opinor,
587 2782 702 2860 eorum
711 2818 811 2877 quam
822 2799 907 2864 foret
917 2824 1004 2869 usus·

165 2903 265 2965 Haud
277 2901 379 2988 igitur
393 2913 530 2985 potuere
545 2903 662 2966 utendi
679 2922 822 2971 crescere
840 2925 950 2970 causa.

204 3011 247 3073 At
257 3019 374 3073 contra
388 3010 537 3074 conferre
550 3030 650 3074 manu
666 3009 844 3073 certamina
860 3034 992 3099 pugnae
1000 3058 1019 3099 ,.

164 3111 203 3171 Et
214 3107 358 3173 lacerare
371 3120 476 3191 artus,
496 3109 695 3190 foedareque
707 3113 858 3174 membra
871 3133 1005 3199 cruore,

162 3216 247 3276 Ante
262 3212 326 3274 fuit
336 3214 458 3293 multo,
475 3231 577 3292 quam
592 3210 702 3274 lucida
715 3211 778 3305 tela
789 3213 949 3276 volarent.

161 3321 203 3382 Et
214 3322 333 3382 volnus
348 3317 452 3403 vitare
465 3315 559 3399 prius
571 3326 690 3380 natura
707 3315 834 3402 coiigit,

161 3428 271 3510 Quam
284 3427 377 3488 daret
394 3422 560 3488 obiectum
573 3425 703 3506 parmai
715 3424 810 3488 laeva
826 3445 887 3508 per
898 3433 1014 3491 artem.

201 3526 331 3603 Scilicet
345 3533 378 3588 et
394 3525 514 3589 fessum
533 3546 653 3609 corpus
671 3529 830 3592 mandare
848 3528 954 3610 quieti
985 3586 991 3597 .

159 3630 266 3690 Multo
277 3627 443 3710 antiquius
453 3637 515 3712 eat,
530 3650 631 3711 quam
642 3631 720 3695 lecti
732 3631 848 3695 mollia
861 3641 960 3695 strata
969 3623 985 3695 ε’

158 3732 200 3792 Et
209 3733 325 3822 sedare
334 3731 424 3798 sitim
436 3733 530 3819 prius
546 3743 611 3820 eat,
630 3754 730 3815 quam
742 3736 880 3820 pocula,
896 3746 1024 3801 natum.
