2572 4732
433 98 638 183 LlBER
676 119 881 186 v.v.6ss.
1076 120 1132 182 183

155 262 352 330 Paullatim
363 264 467 331 solem
477 287 553 328 cum
563 262 791 349 posterioribu’
798 262 915 351 signis,

156 368 316 434 Inferior
327 371 468 433 multum
486 372 576 451 quod
587 369 643 451 sit,
660 389 760 451 quam
773 368 900 432 fervida
911 367 1023 457 signas

158 474 211 536 Et
225 473 335 560 magis
346 474 550 552 hoolunam3
566 483 690 555 quanto
706 471 878 536 demissior
895 471 965 535 eius

161 583 298 642 Cursus
308 582 398 644 abest
407 580 524 663 procul
536 598 556 640 a
567 579 672 659 coelo,
690 578 848 660 terrisque
860 576 1080 661 propinquat,

163 682 283 744 Tanto
292 700 387 769 posse
397 682 506 746 minus
517 702 593 744 cum
603 681 705 766 signis
715 685 850 747 tendere
861 702 1005 746 cursum.

165 784 378 847 Flaccidiore
389 786 488 848 etiam
499 797 622 866 quanto
632 787 699 849 iarn
714 787 845 852 turbine
857 790 974 872 fertur,

169 889 319 956 Inferior
328 911 429 971 quam
441 892 505 973 sol,
517 902 608 954 tanto
619 893 724 978 magis
735 891 848 955 omnia
859 891 953 980 signa

173 999 273 1061 Hanc
283 999 511 1083 adipiscuntur
520 1000 662 1082 circum,
671 1010 867 1082 praeterque
875 1002 1035 1066 feruntur.

177 1104 356 1185 Propterea
364 1103 416 1187 fit,
427 1115 464 1168 ut
474 1108 556 1168 haee
565 1109 609 1168 ad
618 1105 749 1192 signum
760 1107 915 1187 quodque
927 1107 1050 1170 revorti

179 1214 336 1279 Mobilius
345 1217 512 1300 videatur,
524 1219 566 1280 ad
578 1219 664 1279 hanc
677 1216 756 1298 quia
768 1215 861 1303 signa
873 1215 1030 1278 revisunt.

218 1315 272 1378 Fit
280 1329 473 1400 quoque,ut
483 1340 501 1381 e
511 1319 628 1381 mundi
640 1316 832 1381 transvorsis
842 1315 990 1400 partibus
1000 1320 1058 1379 aiir

180 1419 322 1485 Alternis
333 1435 422 1486 certo
434 1427 535 1488 fluere
546 1427 629 1487 alter
640 1434 788 1507 tempore
798 1422 915 1507 possit,
1107 1412 1112 1419 ’

182 1522 247 1605 Qui
259 1536 357 1604 queat
368 1527 498 1591 aestivis
512 1530 616 1592 solem
628 1529 803 1592 detrudere
813 1527 917 1616 signis

181 1627 360 1694 Brumaleis
369 1651 473 1712 usque
483 1634 527 1692 ad
536 1633 654 1713 flexus,
663 1632 877 1717 gelidumque
887 1633 1049 1721 rigorem

181 1733 221 1796 Et
230 1733 288 1816 qui
298 1735 425 1799 reliciat
436 1736 555 1824 gelidis
566 1740 609 1799 ab
619 1735 752 1822 frigoris
766 1737 893 1803 umbris
1117 1822 1121 1827 ι

183 1845 355 1923 Aestiferas
364 1846 510 1927 usquein
520 1845 640 1929 parteis
648 1892 658 1928 ,
666 1854 699 1909 et
708 1845 836 1908 fervida
845 1845 949 1930 signa.
1081 1828 1139 1922 tier

182 1952 221 2013 Et
229 1953 359 2017 ratione
368 1951 441 2036 pari
455 1954 569 2014 lunam
579 1951 754 2030 stellasque
763 1950 948 2033 putandum
960 1955 1024 2028 est,

184 2057 276 2140 Quae
286 2059 425 2120 volvunt
434 2077 573 2143 magnos
581 2056 618 2119 in
628 2054 759 2141 magnis
768 2050 904 2116 orbibus
914 2071 1017 2116 annos
1023 2097 1034 2134 ,

182 2158 596 2242 Aerihusposse,alternis,
607 2181 626 2223 e
637 2158 785 2242 partibus
795 2156 855 2218 ire.

183 2268 302 2327 Nonne
311 2264 403 2328 vides
416 2265 516 2328 etiam
527 2264 666 2327 divorsis
676 2260 908 2327 nubilaventis
1010 2302 1012 2306 ι

184 2373 339 2436 Divorsas
350 2371 398 2434 ire
408 2371 446 2436 in
457 2371 589 2455 parteis,
599 2371 731 2435 inferna
738 2368 911 2454 supernis?

186 2470 251 2560 Qui
262 2475 371 2538 minus
381 2474 440 2539 illa
449 2485 572 2556 queant
581 2495 789 2564 permagnos
800 2473 942 2539 aetheris
949 2470 1058 2538 orbeis

185 2581 335 2645 Aestibus
344 2581 431 2646 inter
440 2580 620 2645 sedivorsis
628 2580 737 2642 sidera
750 2577 853 2640 ferri?

225 2692 267 2751 At
278 2707 344 2749 nox
353 2687 464 2749 obruit
474 2685 603 2772 ingenti
615 2683 757 2769 caligine
770 2691 884 2763 terras,

187 2799 266 2878 Aut,
277 2793 337 2856 ubi
347 2795 388 2855 de
401 2795 502 2877 longo
514 2811 610 2853 eursu
623 2790 673 2853 sol
684 2787 802 2851 ultima
815 2787 901 2855 coeli

188 2901 341 2984 Impulit,
351 2907 449 2978 atque
460 2916 535 2961 suos
545 2894 667 2959 efflavit
676 2893 853 2982 languidus
864 2892 985 2980 igneis,

189 3013 370 3072 Concussos
380 3005 475 3087 itere,
486 3014 518 3066 et
531 3003 708 3066 labefactos
720 3005 795 3065 aere
808 3004 928 3065 multos

189 3118 269 3196 Aut,
282 3114 359 3194 quia
372 3115 433 3177 sub
446 3121 546 3175 terras
560 3130 691 3174 cursum
702 3116 895 3171 convortere
907 3103 995 3194 cogit

189 3219 248 3285 Vis
260 3220 392 3298 eadem,
402 3237 501 3298 supra
513 3226 614 3279 terras
624 3234 708 3295 quae
719 3211 868 3297 pertulit,
879 3215 1005 3274 orbern.

204 3387 206 3391 ,
230 3327 393 3404 Tempore
403 3319 481 3381 item
491 3330 580 3381 certo
590 3339 716 3382 roseam
726 3320 852 3380 Matuta
860 3336 921 3400 per
929 3330 1003 3376 oras

192 3425 340 3490 Aetheris
348 3427 510 3489 Auroram
521 3419 640 3501 defert,
650 3429 684 3481 et
694 3416 822 3479 lumina
831 3411 963 3501 pandit3

153 3600 156 3607 ,
191 3539 275 3619 Aut,
284 3531 362 3613 quia
374 3531 424 3597 sol
434 3529 524 3592 idem
535 3529 598 3591 sub
608 3536 709 3592 terras
720 3524 796 3608 ille,
805 3532 990 3606 resonem,
