2550 4726
257 348 317 413 sio
367 345 426 409 DE
444 341 598 409 mors
617 343 790 407 NATURA
808 341 886 407 LiB.
905 343 962 411 lv.
981 363 1014 405 r.
1039 346 1128 407 suos.

255 484 583 569 Quadrupedumque
595 483 701 572 magis
712 482 794 566 ritu,
805 485 1004 567 plerumque
1013 491 1207 566 putantur

255 585 438 670 Concipere
450 608 588 672 uxores,
601 589 680 671 qun
690 589 739 655 sic
750 592 824 655 loen
835 611 966 655 sumere
979 600 1133 676 possunt,

255 692 444 757 Pectoribus
456 691 586 776 positis,
597 691 734 756 sublatis
746 692 875 755 semina
891 692 1026 759 lumbis.

256 799 324 863 Neo
336 800 453 864 molles
464 802 626 884 opu'sunt
638 808 747 863 motus
762 800 920 864 uxoribus
933 799 1057 865 hilum.

256 906 341 967 Nam
352 904 472 973 rnulier
481 903 680 987 prohibetse
696 905 888 989 concipere,
903 910 1213 995 atquerepugntt
1226 952 1253 991 ,

256 1011 417 1075 clunibus
428 1012 500 1096 ipse
514 1013 578 1077 viri
588 1016 752 1079 Venerem
764 1014 887 1078 silseta
902 1023 1076 1094 retrsetet3

255 1116 363 1197 Atque
371 1126 520 1181 exossato
535 1117 599 1181 ciet
614 1118 708 1182 omni
720 1128 853 1202 pectore
866 1120 995 1185 duetus.

255 1221 342 1287 Eioit
356 1223 447 1287 enim
457 1227 589 1289 sulourn
606 1236 695 1291 reeta
705 1227 841 1315 regione
858 1229 980 1310 viaque

255 1327 424 1413 vomeris,
443 1338 543 1412 etque
554 1329 636 1396 loeis
648 1332 768 1397 evortit
781 1333 917 1399 seminis
928 1334 1046 1398 ieturn.

255 1436 362 1519 quue
373 1454 434 1500 sus
448 1455 545 1501 oense
560 1446 760 1501 oonsuerunt
774 1449 883 1502 scorta
894 1436 1043 1520 moveri,
1138 1446 1260 1515 ¹²7⁰

241 1532 307 1606 'Ne
319 1541 564 1625 eomplerentur
579 1543 714 1622 erebro,
724 1539 947 1626 gravidaeque
958 1541 1123 1625 iacerent,

256 1646 299 1709 Et
308 1644 409 1709 simud
419 1642 490 1727 ipsa
503 1642 585 1707 viris
597 1646 710 1710 Venus
722 1653 760 1707 ut
770 1643 969 1709 concinnior
977 1654 1081 1709 esset:

257 1743 462 1831 Coniugibus
476 1745 567 1824 quod
581 1743 631 1807 nil
642 1742 761 1809 nostris
775 1763 860 1827 opus
872 1764 942 1809 esse
954 1743 1100 1810 videtur.

296 1848 365 1913 Nee
376 1846 536 1911 divinitus
544 1847 729 1931 interdurn,
738 1847 943 1930 Venerisque
953 1847 1097 1937 segittis,

256 1951 428 2021 Deteriore
438 1950 476 2015 fit
488 1961 525 2015 ut
542 1951 650 2015 forma
663 1951 862 2015 muliercula
877 1961 1017 2037 ametur.
1147 1950 1152 1957 ’

256 2062 342 2127 Nem
351 2058 430 2123 feeit
441 2057 512 2141 ipss
523 2056 591 2122 suis
604 2056 774 2121 interdurn
788 2055 913 2122 femine
929 2055 1044 2138 foetis,

256 2162 495 2251 Morigerisque
506 2161 628 2245 modis,
644 2171 679 2226 et
694 2163 818 2225 munde
832 2178 971 2243 corpore
985 2159 1096 2242 culto,

257 2272 303 2335 ut
316 2268 415 2334 tacite
431 2268 593 2333 insuescat
608 2288 720 2349 secum
734 2267 788 2347 sir
805 2268 926 2352 degere
941 2263 1058 2327 vitoni.

298 2373 397 2457 Quod
411 2380 575 2455 superest,
588 2370 791 2435 consuetudo
804 2366 981 2432 concinnat
993 2384 1152 2429 amorem.

257 2472 360 2554 Nam,
371 2474 489 2538 leviter
499 2473 665 2556 quamvis,
679 2475 771 2561 quod
785 2473 901 2536 erebro
914 2468 1066 2549 tunditur
1077 2468 1144 2531 ictu
1154 2508 1180 2550 ,

258 2579 413 2647 Vincitur
425 2580 461 2642 id
475 2583 579 2668 longo
590 2583 698 2664 spatio
711 2594 838 2664 tamen,
850 2591 952 2661 atque
965 2574 1116 2641 labascit.

258 2685 377 2751 Nonne
392 2683 499 2766 vides,
514 2683 614 2748 etiam
629 2695 752 2772 guttas,
763 2686 801 2748 in
812 2705 892 2747 saxa
908 2682 1093 2767 cadenteis,
1147 2761 1149 2763 ¹

258 2788 416 2863 Humoris
426 2791 529 2881 longo
538 2790 577 2857 in
587 2788 693 2877 spatio
705 2790 905 2874 pertundere
920 2790 1022 2857 saxo?

546 3102 550 3112 .
628 3115 862 3151 *ἢ
