2550 4726
288 413 291 416 ἦ
391 335 597 407 ¹LIBER
637 335 707 405 VI.
745 354 777 397 v.
801 353 890 418 ¹²⁰9·
1068 339 1125 403 atr

159 487 200 549 Et
213 482 370 552 manibus
382 485 452 551 siue
465 486 621 554 nonnulii
637 487 843 571 pedibusque
853 490 1035 555 manebant

156 591 199 655 In
213 591 286 654 vita
295 600 424 675 tamen,
438 602 471 656 et
484 592 668 676 perdebant
680 592 809 657 lumina
823 593 966 677 partim:

155 697 273 776 Usque
285 694 369 759 adeo
382 694 499 760 mortis
511 707 618 761 metus
631 695 684 761 his
694 695 966 760 incusseratacer.

153 802 269 884 Atque
282 800 381 864 etiam
400 805 562 883 quosdam
577 821 694 886 cepere
708 802 834 866 oblivia
845 824 959 868 remm
976 832 979 839 ·

155 907 381 991 onustarum,
392 928 502 988 neque
517 928 553 972 se
567 917 701 992 possent
717 928 916 996 cognoscere
926 916 965 970 ut
976 904 1051 990 ipsi.

198 1014 373 1094 Multaque
382 1010 480 1076 humi
491 1033 593 1094 quom
603 1015 778 1079 inhumata
790 1015 937 1080 iacerent
945 1028 1086 1096 corpora

212 1179 214 1183 .
388 1202 394 1215 .
791 1109 893 1204 supra

157 1224 377 1309 Corporibus,
394 1231 507 1290 tamen
516 1223 659 1288 alituum
672 1246 777 1313 genus
788 1235 889 1308 atque
898 1226 1045 1288 feramm

155 1331 223 1395 Aut
233 1331 352 1414 procul
362 1328 551 1411 absiliebat,
559 1337 599 1391 ut
610 1349 721 1393 acrem
734 1329 840 1394 exiret
854 1331 1012 1406 odorem3

154 1420 244 1516 Aut‚‘
251 1433 308 1497 ubi
327 1441 489 1520 gustarat,
504 1433 684 1519 languebat
692 1442 799 1496 morte
816 1430 1019 1516 propinqua.

197 1543 266 1603 Nec
277 1549 389 1602 tamen
403 1537 542 1602 omnino
557 1547 679 1602 temere
690 1537 757 1602 illis
770 1537 896 1602 solibus
911 1536 983 1598 ulla

158 1646 381 1729 Comparebat
390 1642 478 1725 avis,
489 1664 553 1707 nec
562 1643 714 1708 noctibus
725 1644 813 1707 secla
823 1636 976 1706 ferarum'

155 1753 299 1816 Exibant
307 1750 414 1815 silvise
429 1753 636 1838 languebant
646 1754 807 1836 pleraque
816 1751 971 1831 morho,.

154 1860 196 1922 Et
206 1860 448 1924 moriebantur:
465 1881 543 1923 cum
552 1859 669 1943 primis
680 1859 747 1921 fida
760 1879 881 1922 canum
890 1855 942 1920 vis

154 1970 262 2032 Strata
272 1969 335 2034 viis
345 1970 492 2033 animam
503 1972 650 2053 ponebat
661 1969 698 2031 in
709 1968 866 2032 omnibus
877 1986 993 2052 aegre3

154 2075 381 2154 Extorquebat
394 2075 484 2138 enim
498 2074 602 2138 vitatu
617 2073 669 2138 vis
679 2073 833 2137 morbida
844 2070 1011 2137 membris·
1045 2073 1123 2132 1223

195 2179 392 2242 Incomitata
404 2179 478 2262 rapi
496 2180 666 2263 certabant
677 2176 795 2240 funera
805 2183 909 2240 vasta.

154 2283 222 2345 Nec
231 2283 318 2345 ratio
328 2277 454 2348 remedi
466 2280 652 2370 communis
665 2290 754 2344 certa
764 2283 921 2345 dabatur:
1004 2313 1007 2319 ·

154 2387 257 2468 Nam,
277 2387 367 2466 quod
378 2378 424 2447 ali
440 2386 576 2447 dederat
589 2381 717 2445 vitaleis
727 2382 812 2445 ae'ris
824 2399 923 2445 auras

153 2492 298 2557 Volvere
313 2491 350 2555 in
367 2511 424 2554 ore
435 2487 553 2571 licere,
571 2497 603 2553 et
617 2488 704 2552 coeli
715 2489 839 2570 templa
850 2482 953 2570 tueri,

153 2595 227 2657 Hoc
237 2594 311 2658 aliis
326 2603 395 2658 erat
408 2593 527 2677 exitio,
541 2597 712 2674 letumque
720 2595 872 2676 parabat.
1007 2667 1010 2675 ,

192 2700 283 2763 Illud
292 2699 328 2762 in
338 2698 389 2764 his
402 2686 500 2764 rebus
513 2701 740 2763 miserandum
758 2709 790 2763 et
799 2717 1003 2785 magnopere
1012 2711 1120 2761 unum

152 2802 387 2865 Aerumnabile
397 2808 484 2882 erat,
496 2804 604 2882 quod,
614 2801 674 2863 ubi
683 2821 719 2864 se
734 2801 875 2880 quisque
891 2799 1027 2861 videbat

152 2910 359 2994 Implicitum
368 2910 507 2990 morbo,
522 2910 623 2971 morti
638 2911 812 2973 damnatus
821 2917 859 2991 ut
870 2917 974 2991 esset,

152 3012 318 3078 Deficiens
334 3013 464 3095 animo,
479 3022 604 3076 maesto
615 3035 692 3075 cum
704 3014 803 3075 corde
813 3011 943 3074 iacebat
1032 3001 1033 3005 ¹

152 3121 282 3181 Funera
295 3128 496 3201 respectans,
509 3117 656 3190 arrimam
669 3127 702 3181 ct
716 3119 868 3181 mittebat
875 3115 1015 3179 ibidem.

193 3225 327 3309 Quippe
343 3222 465 3287 etenim
475 3225 570 3287 nullo
583 3226 753 3288 cessabant
762 3231 911 3305 tempore
918 3216 1022 3304 apisci

152 3330 202 3391 Ex
213 3328 287 3391 aliis
298 3328 381 3393 alios
391 3327 482 3392 avidi
493 3329 645 3418 contagia
658 3329 783 3395 morbis

152 3428 258 3514 quue
270 3435 324 3496 vel
335 3432 372 3497 in
381 3435 499 3519 primis
509 3439 699 3501 cumulabat
707 3436 824 3500 funere
832 3433 941 3496 sunus.

151 3546 236 3607 Nam
250 3543 440 3624 quicunque
449 3562 525 3606 suos
537 3541 725 3627 fugitabant
737 3540 844 3604 visere
854 3538 897 3599 ad
909 3551 1044 3621 aegros,

153 3647 244 3713 Vitai'
258 3646 398 3711 nimium
410 3647 548 3730 cupidos
558 3645 739 3726 mortisque
753 3644 905 3706 timentes

153 3755 315 3820 Poenibat
329 3757 444 3841 paullo
456 3764 532 3837 post
541 3751 630 3836 turpi
640 3759 746 3817 morte
758 3751 929 3832 malaque,
