2550 4726
274 402 326 470 6·
477 401 545 464 DE
572 399 765 463 RERUM
795 394 1017 458 NATURA
1084 413 1118 455 v.
1140 391 1189 455 58.

274 539 458 604 Immortali
468 559 688 604 aevosumma
703 560 778 602 cum
793 557 873 621 pace
890 538 1039 618 fruatur,

275 653 406 715 Sernota
417 650 459 710 ab
470 647 588 710 nostris
601 648 715 726 rebus,
728 645 940 726 seiunctaque
949 646 1064 729 longe;
1120 631 1123 636 ¹

275 757 358 818 Nam
376 752 632 836 privatadolore
647 749 758 830 omni,
774 748 902 832 privata
916 748 1062 831 periclis,

274 861 348 942 ipsa
363 858 429 921 suis
438 858 566 940 pollens
580 855 714 936 opibus,
728 853 814 919 nihil
830 853 946 941 indiga
957 855 1076 935 nostri,

274 965 342 1029 Neo
355 964 439 1024 bene
450 957 637 1044 promeritis
653 959 796 1042 capitur,
812 980 873 1022 nee
884 959 1103 1046 tangiturira.

315 1073 471 1132 Humana
481 1077 557 1132 ante
571 1069 684 1132 oculos
704 1068 801 1130 foede
818 1086 920 1149 quom
938 1067 1006 1131 vita
1020 1067 1144 1132 iaceret

274 1177 316 1240 ln
333 1174 447 1257 terris,
465 1191 619 1257 oppressa
634 1173 729 1258 gravi
745 1173 807 1234 sub
822 1171 1015 1258 Religione‚

275 1286 370 1365 Quae
380 1291 478 1364 caput
491 1302 510 1344 a
522 1278 608 1344 coeli
621 1278 810 1365 regionibus
824 1268 1031 1359 ostendebat,

273 1382 438 1447 Horribili
447 1404 547 1467 super
564 1391 695 1465 aspectu
713 1379 907 1444 mortalibus
923 1379 1067 1457 instans;

276 1487 423 1552 Primum
437 1488 557 1575 ¹Graius
570 1489 671 1550 homo
683 1487 849 1550 mortaleis
863 1488 979 1574 tollere
994 1496 1110 1552 contra

275 1593 332 1654 Est
344 1591 458 1654 oculos
470 1611 584 1670 ausus,
602 1591 793 1674 primusque
808 1570 962 1653 obsistere
977 1602 1108 1653 contra:

279 1698 388 1780 Quem
398 1717 507 1776 neque
517 1696 605 1760 fama
617 1694 739 1775 Deirm,
749 1716 810 1758 nec
826 1694 982 1775 fulmina,
994 1713 1055 1755 nec
1069 1688 1245 1754 minitanti

277 1803 449 1865 Murmure
466 1800 657 1883 compressit
673 1800 820 1875 coelum3
841 1800 899 1861 sed
915 1818 956 1861 eo
974 1795 1080 1883 magis
1097 1816 1212 1860 aorem

277 1906 389 1969 Irritdt
406 1905 510 1969 animi
523 1906 694 1986 virtutem,
706 1900 888 1990 ¹effringere
900 1913 936 1966 ut
950 1913 1021 1965 arla

278 2012 421 2074 Naturae
430 2011 557 2095 primus
569 2020 739 2093 portarum
750 2010 891 2072 claustra
903 2008 1038 2092 cupiret.
1202 2024 1243 2089 72

277 2118 367 2204 Ergo
381 2117 494 2180 vivida
509 2117 559 2181 vis
573 2114 677 2180 animi
693 2115 850 2200 pervicit,
860 2126 893 2180 et
903 2127 995 2180 extra

279 2220 440 2283 Processit
455 2223 555 2307 longe
572 2221 775 2282 flammantia
790 2221 923 2284 moenia
932 2218 1067 2297 mundi3

279 2326 387 2404 Atque
396 2343 495 2386 omne
505 2322 704 2386 immensum
717 2323 907 2410 peragravit
922 2335 1031 2387 mente
1042 2320 1244 2408 animoque:

279 2431 377 2493 Unde
393 2430 493 2493 refert
505 2428 600 2492 uobis
616 2431 737 2512 victor,
751 2431 833 2511 quid
849 2431 951 2515 possit
964 2430 1068 2513 oriri,

281 2533 371 2619 Quid
385 2544 542 2615 nequeat3
560 2532 654 2596 finita
672 2544 812 2616 potestas
830 2534 974 2616 denique
990 2531 1137 2615 quoique

281 2641 435 2722 Quanam
444 2637 485 2701 sit
496 2638 636 2720 ratione,
647 2649 745 2723 atque
762 2644 827 2704 alte
838 2639 999 2704 terminus
1009 2642 1160 2704 haerens.

179 2816 180 2820 Ἰ
281 2740 392 2823 Quare
409 2739 556 2826 Religio,
570 2741 710 2823 pedibus
725 2742 886 2824 subiecta,
895 2742 1039 2808 vicissim

282 2841 467 2926 obteritur,
480 2857 714 2931 nosxexaequat
729 2846 867 2910 victoria
881 2850 984 2945 poelo.

320 2949 409 3010 Illud
421 2947 458 3012 in
468 2948 520 3014 his
536 2955 635 3016 rebus
652 2974 783 3035 vereor,
800 2976 843 3018 ne
854 2957 938 3019 forte
951 2954 1054 3022 rearis

279 3057 387 3141 Impia
401 3067 432 3122 le
443 3060 582 3125 rationis
594 3059 679 3125 inire
694 3064 871 3146 elementa,
887 3063 1044 3145 viamque

278 3162 461 3248 indugredi
475 3164 621 3242 sceleris3
642 3169 733 3247 quod
750 3176 864 3229 eontra
877 3165 1008 3248 saepius
1025 3165 1085 3228 ills

279 3265 413 3352 Religio
428 3268 557 3350 peperit
569 3270 729 3334 scelerosa
745 3280 843 3352 atque
857 3268 959 3352 impia
979 3269 1074 3333 facta.

280 3369 400 3434 Aulide
415 3391 481 3450 quo
494 3382 591 3454 pacto
601 3371 727 3434 Triviai
741 3372 880 3459 virginis
892 3391 984 3436 aram
1072 3387 1079 3401 ¹

280 3477 486 3560 Iphianassai
503 3487 678 3562 turparunt
696 3479 857 3566 sanguine
870 3483 966 3546 foede

281 3585 441 3647 Ductores
458 3586 610 3648 Danadm
620 3585 758 3668 delecti,
772 3585 880 3670 prima
894 3587 1054 3652 virorums

281 3690 344 3752 Cui
356 3693 456 3755 simul
467 3692 590 3775 infula,
605 3691 770 3778 virgineos
782 3693 983 3757 circumdata
998 3702 1142 3778 comtus,

281 3798 330 3860 Ex
347 3811 483 3882 utraque
495 3800 571 3885 pari
585 3801 749 3866 malarum
765 3813 859 3886 parte
877 3802 1012 3887 profusa
1027 3812 1091 3885 est,
