2572 4732
246 570 248 575 ’
309 637 364 730 τ.
399 632 745 725 nuenauu
784 630 960 771 cunr

605 868 666 922 DE

157 1058 556 1225 umanum
621 1053 1118 1177 NATURA

375 1330 552 1405 unua
601 1325 909 1436 QUARTUS.

437 1728 838 1797 ancumunrum

160 1874 295 1928 Lucretius
306 1885 366 1943 post
381 1872 540 1944 magnificum
551 1874 696 1938 exordium,
707 1891 759 1944 quo
775 1888 801 1926 et
815 1872 983 1927 attentionem
1000 1870 1121 1940 lectoris,

223 1982 250 2021 et
260 1986 332 2021 suum
345 1969 425 2036 ipsius
443 1969 559 2035 spiritum
573 1968 723 2028 resuscitat,
732 1986 760 2019 v.
776 1984 812 2018 r·
822 1983 864 2030 25.
876 1967 935 2019 libri
947 1965 1030 2034 quarti
1043 1984 1118 2035 argu·

222 2073 335 2113 ruentum
346 2046 401 2112 cum
418 2059 590 2125 superioribus
606 2061 746 2112 connectit.
766 2057 902 2126 Postquam
913 2059 980 2110 enim
995 2059 1078 2126 primo
1094 2071 1117 2112 et

224 2150 336 2202 secundo
354 2151 418 2202 libro
435 2151 571 2212 docuerat,
582 2166 647 2219 quae
662 2162 689 2202 et
708 2148 789 2215 qualia
801 2148 852 2198 sint
868 2164 950 2199 rerum
966 2148 1116 2215 primordia,-

226 2240 317 2308 quibus
328 2238 416 2309 figuris
426 2240 557 2302 distincta,
568 2259 619 2308 quo
631 2254 702 2293 motu
712 2220 837 2302 feramul,
843 2255 892 2308 qua
908 2240 1006 2292 ratione
1021 2254 1116 2294 ceteras
1132 2269 1136 2274 ·

224 2347 265 2383 res
275 2344 424 2398 procreent,
439 2331 505 2382 libro
520 2343 602 2405 autem
620 2329 696 2381 tertio
708 2330 806 2381 animae
818 2343 896 2397 atque
910 2331 988 2381 animi
1001 2344 1116 2384 naturam

224 2422 361 2488 explicaret
371 2439 379 2480 ς
395 2420 536 2488 aggreditur
545 2436 613 2471 nunc
623 2419 653 2470 ad
664 2419 861 2486 disputationem
871 2420 902 2472 de
912 2406 1041 2484 seisibus,
1052 2422 1118 2474 inci·

224 2512 296 2579 piens
305 2516 457 2564 asinulacria
468 2528 514 2566 seu
524 2513 662 2580 imaginibus
671 2495 803 2579 Epicureis
811 2552 819 2576 ,
828 2508 921 2581 quibus
930 2529 1019 2566 sensus
1029 2531 1119 2566 omnes

138 2664 142 2671 1
155 2637 158 2641 -
223 2613 383 2665 moveantur,
395 2619 422 2651 v.
433 2600 712 2668 26·45.Docetitaque
720 2640 728 2664 ,
737 2618 751 2653 a
761 2617 843 2655 rerum
851 2599 985 2670 superficie
999 2603 1120 2656 tenuissi-

206 2742 207 2747 ,
224 2707 264 2742 ma
274 2673 393 2758 quaedam
402 2701 429 2743 et
439 2690 602 2744 subtilissima
613 2692 741 2745 simulacra
751 2692 829 2754 mitti,
840 2711 905 2762 quae
916 2694 1008 2762 passim
1020 2712 1067 2762 per
1078 2697 1120 2748 ad·

224 2798 253 2832 ra
260 2781 408 2847 volitantia,
419 2781 563 2850 singillatim
573 2785 620 2834 sub
629 2782 713 2835 visum
724 2799 775 2833 non
785 2783 888 2846 cadant,
897 2786 940 2838 sed
950 2786 1059 2837 collecta
1069 2799 1120 2840 eta

223 2873 336 2939 speculis
353 2886 397 2924 aut
414 2890 477 2940 aqua
494 2874 611 2940 repulsa,
627 2873 654 2925 ia
672 2877 762 2927 oculos
781 2874 923 2936 incurrant,
938 2865 966 2923 u.
980 2873 1012 2937 46
1028 2901 1044 2914 -
1060 2877 1119 2931 ωδ.

224 2966 323 3019 Deinde
332 2966 479 3018 tenuitatem
491 2965 582 3016 horum
592 2966 782 3019 simulacrorum
795 2967 964 3026 demonstrat,
974 2965 1051 3017 simul
1067 2967 1121 3033 pri·

222 3059 376 3110 mordiorum
388 3046 552 3128 exiguitatem
563 3058 727 3123 confirmant,
740 3079 768 3115 v.
778 3075 824 3129 ¹09
833 3089 843 3103 ·
851 3077 907 3128 ¹29·
923 3062 1023 3125 Duplex
1032 3073 1120 3115 autem

222 3146 412 3200 simulacrorum
421 3149 555 3219 distinguit
564 3168 643 3218 genus
652 3169 659 3202 r
667 3153 774 3203 alterum
785 3170 885 3216 eorum,
895 3170 958 3219 quae
967 3165 1060 3219 sponte
1071 3170 1121 3209 sua

223 3250 374 3307 generentur
385 3239 412 3288 in
423 3241 496 3304 ae're,
506 3242 590 3308 qualia
606 3258 785 3309 nonnunquam
802 3242 931 3294 videamus
950 3243 1075 3296 exsistere
1091 3245 1120 3297 in

221 3332 341 3393 nubibuS,
351 3332 434 3383 varias
444 3349 526 3384 rerum
536 3330 627 3401 figuras
639 3334 812 3395 imitantibus3
823 3337 931 3387 alterum
939 3354 1042 3400 eorum,
1053 3355 1120 3406 quae

223 3448 238 3480 a
248 3445 328 3483 rerum
341 3425 475 3495 superficie
484 3430 603 3495 avolent,
613 3429 685 3496 quasi
695 3441 784 3482 tenues
794 3430 913 3498 quaedam
923 3430 1031 3483 exuviae
1040 3468 1048 3492 ,
1058 3417 1121 3482 iaci-

222 3520 299 3586 leque
308 3529 335 3569 et
351 3530 475 3584 perpetuo
487 3518 616 3581 oriantur,
631 3531 658 3572 et
669 3537 699 3572 ea
710 3532 796 3572 motus
810 3521 938 3574 celeritate
949 3538 995 3588 per
1007 3522 1066 3574 ae‘ra
1078 3523 1120 3576 fe·

221 3624 324 3672 rantur,
334 3622 364 3663 ut
379 3609 477 3679 luminis
490 3611 582 3662 solaris
596 3612 690 3663 iactum
704 3627 871 3678 exsuperent,
881 3632 908 3664 v.
918 3591 982 3681 1302
992 3615 1050 3666 216.
1068 3615 1121 3669 Sed

221 3702 280 3767 quia
289 3702 362 3754 visus
373 3703 483 3754 omnium
493 3719 610 3755 sensuum
623 3705 717 3771 primus
726 3701 845 3765 nabetur,
856 3707 928 3756 abeo
938 3705 974 3757 sic
985 3699 1120 3759 exorditur

222 3796 299 3865 pocta
308 3831 317 3859 ,
327 3809 356 3850 ut
364 3814 396 3850 cx
405 3798 591 3852 simulacrorum
604 3797 706 3853 incursu
715 3816 771 3854 eum
782 3799 850 3871 gigni
859 3801 991 3863 ostendat,
999 3817 1028 3853 v.
1040 3815 1092 3867 ²17
1106 3830 1119 3849 .
