2550 4726
318 370 524 435 bruun
562 371 630 439 nv.
669 378 792 455 aba.
885 342 891 349 ’
971 386 1029 449 13³

56 509 268 577 comminus
279 509 351 597 ipse
366 531 427 578 suo
446 512 640 601 contingens
651 514 798 584 fervidus
809 515 899 608 igni,

10 654 18 685 n
62 618 136 687 lix
151 623 269 685 absunt
282 620 377 684 nobis
388 619 504 686 missus
516 619 568 685 bis
585 621 678 686 mille
690 625 850 712 sagittae3

65 723 136 795 lix
150 723 248 788 etiarn
260 743 372 789 cursus
382 725 578 812 quingentos
589 744 687 809 saepe
695 729 815 793 veruti.

73 831 161 895 Inter
174 850 228 897 eos
236 832 407 912 solemque
424 829 533 894 iacent
549 829 709 894 immania
721 833 819 915 ponti

79 934 242 1018 Aequora,
254 937 414 1000 substrata
426 931 577 1000 aetheriis
593 933 783 1024 ingentibus
797 938 883 1006 oris:

80 1036 309 1123 interiectaque
322 1051 399 1104 sunt
415 1051 575 1105 terrarum
590 1038 696 1104 millia
712 1042 833 1124 multa,

84 1142 167 1228 Quae
178 1149 291 1212 variae
303 1149 447 1212 retinent
462 1152 576 1234 gentes
594 1156 625 1209 et
635 1148 722 1211 secla
734 1148 890 1211 serarum.

85 1245 120 1310 tn
135 1252 295 1315 coniectus
309 1271 432 1335 aquae,
450 1251 590 1338 digitum
603 1271 672 1315 non
683 1250 782 1315 altior
791 1272 910 1336 unum,

83 1346 143 1430 Qui
154 1350 280 1436 lapides
288 1352 376 1416 inter
387 1351 471 1418 sistit
484 1362 653 1435 perstrata
665 1352 816 1437 riarum,

32 1460 36 1469 '
80 1442 270 1538 Despectam
282 1462 419 1542 praebet
431 1461 494 1523 sub
509 1470 611 1524 terras
625 1460 748 1544 impete
758 1469 867 1543 tanto,

77 1552 112 1615 Α
124 1561 212 1625 terris
223 1573 384 1643 quantum
403 1563 487 1628 coeli
499 1573 589 1648 patet
604 1565 689 1628 altus
703 1564 827 1642 hiatus3

72 1655 194 1731 Nubila
206 1669 386 1753 despicere,
400 1680 432 1735 et
443 1671 573 1735 coelum
589 1679 625 1734 ut
637 1670 772 1735 videare
782 1668 912 1754 videre,
927 1675 959 1735 et

69 1758 222 1850 Corpora
238 1771 390 1836 mirande
404 1775 465 1837 sub
481 1782 583 1837 terras
598 1772 711 1837 abdita
728 1773 832 1837 coelo.
942 1854 947 1866 q

10 1886 12 1895 '
117 1874 284 1961 Denique,
296 1878 357 1943 ubi
369 1878 407 1941 iu
423 1878 534 1943 medio
549 1879 645 1943 nobis
656 1899 760 1959 equus
772 1898 849 1941 acer
861 1873 1012 1940 obhaesit

60 1966 242 2061 mumius,
255 1990 288 2045 et
298 1979 336 2043 in
348 1981 479 2063 rapidas
492 1981 599 2044 amuis
609 1980 818 2063 despeximus
830 1984 951 2058 undas;

37 2093 39 2097 ·
57 2073 194 2147 Stantis
211 2082 289 2165 equi
301 2100 421 2165 eorpus
436 2089 657 2147 transvorsum
674 2084 762 2148 ferre
776 2084 908 2146 videtur
973 2088 1032 2162 snb

59 2180 149 2274 vis,
166 2199 199 2254 et
215 2189 253 2252 in
269 2191 446 2255 advorsum
462 2188 586 2251 flumen
602 2189 799 2252 contrudere
812 2188 950 2272 raptim

52 2285 133 2378 Et,
143 2315 342 2377 quoeunque
354 2295 467 2361 oeulos
482 2293 686 2376 traiecimus,
704 2294 817 2360 omnia
829 2297 911 2361 ferri

53 2391 119 2463 Et
126 2403 226 2466 fluere
242 2399 388 2465 adsimili
403 2400 499 2464 nobis
514 2398 643 2463 ratione
658 2400 822 2466 videntur.

119 2504 264 2571 Porticus
273 2503 405 2587 aequali
417 2503 569 2585 quamvis
583 2512 631 2567 est
646 2504 790 2585 denique
804 2506 925 2588 ductu,

53 2601 235 2689 Stansque
250 2606 288 2670 in
300 2615 499 2691 perpetuum
513 2605 651 2690 paribus
665 2603 799 2671 suffulta
814 2592 992 2689 oolumniss

57 2701 208 2796 Longa,
223 2719 334 2774 tamen
345 2711 629 2793 parteabsumma
639 2729 742 2790 quom
759 2712 984 2795 rotundetur,

60 2810 252 2880 Paullatim
264 2815 364 2879 trahit
378 2815 510 2904 augusti
521 2814 651 2901 fastigia
663 2815 756 2896 coni,
795 2848 810 2879 2

63 2913 177 2983 Terta
190 2923 261 2985 solo
270 2919 428 3008 iungens,
447 2929 545 2999 atque
554 2916 667 2981 omnia
678 2918 813 2980 dextera
826 2917 945 2997 laevis3

73 3017 195 3091 Donec
209 3025 247 3091 in
264 3029 443 3091 obscurum
460 3022 537 3088 coni
553 3020 711 3087 conduxit
725 3040 874 3084 acumen.

125 3128 160 3193 In
171 3130 290 3216 pelago
305 3126 429 3210 nautis,
445 3147 488 3190 ex
502 3124 600 3190 undis
614 3135 720 3213 ortus,
734 3125 771 3191 iu
785 3124 882 3190 undis

82 3225 140 3293 Sol
151 3231 188 3296 fit
201 3234 251 3298 uti
263 3233 412 3297 videatur
425 3231 533 3315 obire,
548 3241 582 3296 et
595 3232 738 3295 condere
747 3232 881 3295 lumens

83 3331 212 3423 Quippe
223 3337 285 3409 ubi
297 3339 347 3402 nil
355 3337 464 3419 aliud,
475 3336 540 3402 nisi
549 3359 671 3421 aquam
684 3337 882 3417 coelumque
890 3343 1037 3412 tuentur,

88 3432 133 3535 Pie
144 3444 259 3509 leviter*
270 3445 382 3511 eredas
400 3441 590 3507 labefactari
601 3442 749 3524 undique
764 3460 887 3505 sensus.
1011 3492 1018 3502 .

109 3532 165 3613 ‘At
177 3551 277 3616 maris
289 3551 414 3638 ignaris
429 3549 466 3612 in
480 3557 579 3634 portu
593 3550 711 3611 clauda
726 3546 882 3610 ridentur

34 3688 38 3709 ι
95 3642 220 3742 Navigia·
231 3653 401 3739 aplustris,
414 3644 532 3718 froilas
544 3650 688 3715 obnitier
697 3652 818 3713 undas:

48 3806 51 3811 -
96 3747 169 3822 Nam
180 3780 394 3844 quaeeunque
405 3779 506 3845 supra
515 3777 627 3823 rorem
638 3754 715 3825 salis
724 3753 812 3821 edita
820 3773 896 3839 pars
905 3760 953 3823 esl
