2572 4732
396 333 598 398 maun
636 337 714 427 ιη.
754 341 881 418 maa
957 330 960 337 “
1057 361 1113 421 107

161 468 583 557 Morialorneaseanimam,
602 476 777 559 quoniam,
794 484 919 540 mutata
928 499 989 562 per
999 487 1089 545 artus

160 580 356 661 Tantopere,
375 577 494 643 amittit
510 580 613 644 vitam
625 601 823 664 sensumque
832 583 989 666 priorem.

196 684 314 767 Quove
321 685 421 747 modo
428 684 563 766 poterit,
574 683 697 767 pariter
704 708 781 751 oum
791 709 928 771 corpore
937 708 1071 772 quoque

159 784 375 869 Confirmata,
391 784 540 871 cupitum
551 788 665 852 aetatis
680 800 813 877 tangere
825 793 940 857 florem

158 891 215 958 vis
229 891 350 973 animi,
362 892 427 956 nisi
437 891 499 957 orit
514 913 648 959 consors
662 895 698 958 in
713 896 842 982 origiue
857 896 991 980 prima?
1057 964 1064 975 ,

158 999 291 1085 Quidve
300 1000 388 1063 foras
397 999 463 1063 eibi
472 1004 542 1064 volt
552 1002 708 1067 membris
720 1003 810 1066 exire
819 1002 981 1067 senectis?

158 1110 209 1170 An
219 1105 338 1170 metuit
351 1108 505 1171 conclusa
518 1128 653 1172 manere
664 1109 702 1174 in
720 1129 858 1192 corpore
874 1112 988 1193 putri?

158 1211 355 1293 An,domus
367 1210 483 1273 aetatis
496 1211 604 1292 spatio
616 1232 660 1275 ne
672 1212 754 1277 fessa
770 1221 898 1277 vetusto
948 1201 950 1204 ⁵

159 1313 307 1381 obruat?
322 1319 366 1383 At
375 1337 444 1381 non
454 1327 531 1380 sunt
542 1316 610 1381 iarn
620 1317 800 1383 immortali
812 1319 883 1381 ulla
893 1318 1034 1402 pericla·

196 1422 351 1504 Denique
368 1422 536 1487 connubia
545 1425 590 1486 ad
603 1423 758 1504 Veneris,
767 1434 945 1506 partusque
954 1410 1126 1504 ferarumq,

158 1526 372 1592 Eoseanimas
386 1528 1007 1613 praesto,deridiculumeasevidetur3
1158 1540 1175 1603 x

159 1630 354 1716 Exspectare
363 1630 580 1700 immortaleis
591 1635 744 1699 mortalia
757 1636 905 1698 membra

158 1739 338 1806 Innumero
348 1765 505 1826 numero,
517 1754 709 1826 certareque
722 1752 1020 1827 praeproperanter

158 1842 249 1907 Inter
261 1866 316 1927 ae,
329 1848 547 1931 quamprimo,
559 1847 812 1930 potissimaque,
832 1847 1035 1911 insinuetur:

114 2008 116 2019 ,
158 1943 192 2008 ai
205 1966 277 2010 non
289 1947 372 2010 forte
389 1948 437 2012 ita
451 1959 529 2013 sunt
543 1949 730 2012 animamm
741 1948 875 2009 foedera
891 1958 999 2029 pacta,
1059 1948 1117 2026 782
1164 1980 1171 1993 ·

152 2048 216 2141 Ut,
234 2070 320 2131 quae
330 2051 438 2135 prima
450 2054 565 2115 volans
578 2048 765 2132 advenerit,
786 2049 970 2119 insinuetur

160 2157 285 2240 Prima,
300 2180 408 2241 neque
420 2159 508 2224 inter
517 2180 552 2223 se
567 2156 902 2237 contendantriribus
912 2157 1030 2221 hilum.

197 2263 352 2344 Denique
361 2265 395 2327 in
405 2267 613 2328 aethereuon
624 2265 739 2343 arbor,
752 2281 822 2325 non
831 2267 974 2342 aequore
982 2261 1017 2323 in
1029 2263 1097 2326 alto
1190 2286 1200 2349 J

160 2366 270 2433 Nubes
279 2390 348 2432 esse
362 2378 504 2451 queunt,
521 2366 815 2451 neepiscoevivere
826 2367 863 2429 iu
875 2367 979 2451 arvis,

159 2468 228 2534 Nee
237 2491 338 2535 cruor
353 2473 390 2534 in
402 2470 520 2558 lignis,
537 2493 600 2535 neo
613 2471 699 2534 saxis
711 2491 827 2534 succus
841 2471 957 2535 inesse.

158 2572 294 2637 certum
301 2590 341 2637 ae
346 2573 539 2657 dispositum
549 2586 606 2658 eet,
616 2574 675 2639 ubi
681 2574 843 2658 quidquid
853 2584 975 2640 creseat
988 2573 1121 2640 otimit:

160 2674 214 2740 Sic
224 2675 330 2739 am'mi
343 2686 461 2738 natura
473 2676 589 2757 nequit
597 2675 670 2740 sine
685 2696 823 2760 corpore
834 2676 917 2738 oriri

159 2778 254 2860 Sola,
272 2799 380 2859 noque
392 2797 413 2841 a
423 2777 533 2841 nervis
545 2791 577 2841 et
588 2779 750 2865 sanguine
763 2778 896 2864 longius
908 2798 986 2842 esse.

160 2882 265 2967 Quod
278 2882 307 2947 ai
320 2890 429 2971 posset
446 2882 555 2963 enim,
568 2884 674 2945 multo
688 2881 781 2965 prius
792 2882 864 2964 ipsa
875 2880 979 2947 animi
991 2882 1042 2947 vis

157 2986 202 3049 'In
217 2987 339 3071 eapite,
354 2996 411 3051 aut
424 2985 584 3065 humeris,
595 2996 653 3046 aut
669 2984 745 3048 imis
758 2983 918 3067 calcibus,
933 3005 1002 3049 esse

160 3094 289 3176 Posset,
301 3104 334 3159 et
343 3092 471 3157 innasci
481 3091 596 3173 quavis
605 3090 643 3154 in
652 3100 745 3174 parte
760 3091 894 3171 soleret,

161 3203 316 3286 Quamde
332 3202 367 3268 in
383 3206 500 3266 eodem
512 3201 758 3282 hominemque
772 3198 808 3261 in
824 3200 942 3263 eodem
958 3212 1036 3265 vase
1066 3238 1069 3243 ·

697 3327 844 3371 manere.

165 3410 267 3495 Quod
279 3410 437 3499 quoniam
452 3423 563 3477 nostro
574 3432 707 3496 quoque
715 3420 839 3479 constat
849 3429 987 3492 corpore
999 3414 1126 3472 certum

163 3519 436 3603 Dispositumque
446 3521 590 3604 videtur,
601 3521 737 3584 ubiosse
748 3527 935 3581 etoreseero
946 3514 1048 3597 possit

165 3626 320 3692 Seorsum
338 3627 448 3691 anima
464 3637 562 3709 atque
580 3626 726 3691 animust
746 3632 836 3687 noto
853 3620 958 3711 magis
970 3620 1049 3685 infi-

698 3727 870 3808 ciendum,
