2550 4726
190 432 192 435 Ι
263 323 342 390 xrs
434 307 834 386 T.LUCRET1'1
871 312 1039 413 VlTA

263 484 330 556 bat
341 483 380 554 in
397 498 459 554 ore
470 478 667 576 Epicurus,
682 481 892 555 hominibus
903 483 1034 558 afferre.
1049 486 1237 594 Quoniam

263 608 387 664 sutem
413 589 507 661 duae
533 614 586 661 res
612 588 774 683 inprimis
794 591 958 665 homines
981 592 1172 670 sollicitant
1197 614 1239 672 st

262 699 504 788 conturbant,
521 715 565 770 ut
577 698 638 770 ille
651 701 821 793 putabat,
841 703 992 802 religio,
1008 703 1165 793 horest,
1189 709 1238 778 ti-

263 826 347 884 mor
370 809 535 882 Deorum
564 808 699 898 inanis,
725 811 894 903 vitaeque
919 811 1043 884 beatas
1069 812 1238 887 inimicus

262 937 374 1016 atque·
393 919 560 1010 infestus,
585 939 622 995 et
634 942 752 992 metus
764 925 906 994 mortis:
926 923 979 993 his
995 923 1141 995 duobus
1155 922 1238 996 ani-

262 1045 410 1103 morum
424 1031 523 1125 quasi
536 1031 695 1126 pestibus
708 1049 745 1103 et
762 1031 929 1104 crucibus
947 1049 1099 1105 conatur
1112 1057 1173 1105 eor
1190 1035 1239 1104 li-

261 1141 403 1231 beura,
423 1132 648 1214 ostendendo
675 1142 859 1238 primurn,
886 1145 1025 1215 nullam
1042 1168 1114 1216 esse
1130 1144 1236 1218 Deo-

261 1278 345 1328 mm
359 1252 623 1348 providentiam
638 1304 649 1343 ,
675 1251 812 1324 deinde
826 1256 970 1325 nullum
984 1278 1127 1326 sensum
1149 1272 1237 1349 post

260 1364 373 1436 risam
390 1378 595 1452 remanere,
617 1366 829 1456 animosque
851 1387 922 1436 esse
937 1364 1111 1434 mortales.
1137 1363 1239 1470 Qui·

260 1469 577 1544 busnebomenter
591 1488 680 1542 errat
695 1471 891 1567 Epicurus,
912 1485 951 1541 et
962 1493 1028 1540 nos
1042 1469 1237 1543 Christiani

259 1580 309 1653 ab
323 1600 368 1653 eo
381 1581 488 1654 valde
509 1581 744 1651 dissentimus.

309 1690 496 1797 Quoniam
516 1691 626 1788 igitur
648 1708 821 1762 neutrum
837 1687 1094 1760 horumfacile
1118 1705 1236 1784 expe·

260 1792 337 1869 dire
350 1813 491 1893 poterat
505 1796 713 1885 Lucretius,
729 1795 795 1865 nisi
808 1809 936 1867 natura
948 1817 1069 1866 rerum
1084 1819 1235 1890 perspe-

259 1899 318 1981 cta
330 1924 367 1980 et
381 1907 543 2006 cognita,
559 1931 707 1978 omnem
722 1929 868 2002 operam
885 1930 984 1978 suam
998 1908 1037 1978 in
1051 1908 1237 2001 explican-

260 2017 307 2090 da
319 2018 458 2091 ratione
472 2018 625 2090 Naturae
637 2017 754 2113 ponit.
778 2017 907 2110 Itaque
923 2016 1030 2089 docet
1043 2015 1235 2094 mundum

259 2129 335 2216 sino
350 2126 502 2210 consilio
518 2127 700 2218 Deorum,
725 2127 946 2226 Atornorum
967 2146 1142 2200 concursu
1158 2123 1236 2202 for.

232 2310 235 2316 .
257 2242 356 2312 tuito
372 2263 443 2311 esse
465 2239 621 2326 factum3
646 2255 682 2310 et
703 2238 861 2312 mundos
884 2258 955 2308 esse
977 2237 1233 2308 innumerabi-

254 2350 326 2437 les,
345 2346 475 2420 eodem
490 2347 604 2421 modo
621 2365 774 2436 creatos,
799 2369 933 2439 eosque
951 2371 1076 2420 omnes
1089 2370 1162 2418 esse
1174 2346 1235 2419 irr-

259 2457 436 2531 terituros.
456 2456 511 2530 Ac
534 2475 656 2529 totum
683 2455 835 2550 quidem
856 2455 992 2528 librum
1019 2455 1166 2528 tertium
1187 2455 1234 2529 in

260 2565 504 2659 disputatione
517 2565 563 2637 ds
576 2566 693 2637 anima
708 2564 920 2637 consumsitr
939 2581 1073 2636 ceteros
1086 2561 1233 2635 veroin

174 2688 182 2705 '
260 2676 403 2747 dirersis
416 2699 456 2748 ac
468 2675 568 2751 variis
583 2675 872 2771 quaestionibus,
886 2699 976 2769 quas
992 2679 1165 2747 lectoren
1177 2675 1232 2745 in·

260 2786 340 2858 dice
356 2810 478 2858 earum
491 2808 630 2875 rerum,
649 2809 742 2880 quae
755 2785 794 2857 in
813 2784 958 2886 singulis
970 2786 1069 2860 libris
1080 2799 1231 2857 metan-

258 2912 339 2990 tur,-
355 2898 457 2973 facile
470 2912 671 3001 cognoscet
