2572 4732
239 349 247 355 ”
304 346 613 447 mnnntv.
652 349 776 413 ntfia.
913 352 1010 432 ‘147

94 491 186 556 Haec
200 488 302 578 igitur
314 500 450 576 possunt
464 491 579 557 utendi
594 491 724 579 cognita
738 511 835 557 causa

54 598 206 679 Credier,
227 619 268 662 ex
283 622 343 663 usu
358 620 442 681 quae
454 609 531 664 sunt
546 601 680 681 vitaque
698 610 839 684 reperta.

56 703 119 766 Illa
132 703 267 784 quidem
282 724 430 768 seorsum
438 715 516 769 sunt
527 706 641 769 omnia
646 726 754 788 ,quae
770 706 862 789 priua
876 704 949 791 ipsa

58 807 138 868 Nata
143 804 286 889 ,dedere
300 817 466 892 suaepost
475 807 626 871 notitiam
640 807 802 873 utilitatis

27 899 31 909 ’
58 910 133 995 Quo
146 929 268 1001 genere
281 911 318 974 in
330 911 572 994 primisacnsus
587 921 618 975 et
629 915 778 976 membra
793 910 954 977 videmus.

60 1015 171 1099 Quare
178 1014 279 1078 etiam
290 1025 387 1096 atque
398 1015 495 1079 etiam
504 1017 620 1100 procul
628 1027 690 1100 est,
701 1027 739 1081 ut
751 1020 883 1083 credere
892 1019 1013 1105 possis,

60 1118 213 1183 Utilitatis
228 1121 273 1183 oh
285 1117 431 1183 officium
446 1121 589 1204 potuisse
606 1121 721 1185 creari.
945 1114 947 1118 ⁴

96 1223 187 1286 Illud
196 1223 276 1287 item
291 1235 421 1288 nonest
437 1225 646 1308 mirandum,
661 1226 807 1309 corporis
820 1228 891 1310 ipsa
975 1279 982 1293 .
1010 1242 1014 1247 ’

60 1333 159 1417 Quod
170 1341 288 1394 natura
301 1331 412 1394 cibum
425 1328 554 1411 quaerit
565 1329 748 1410 quoiusque
758 1329 943 1394 strumentis.

60 1433 191 1520 Quippe
203 1433 326 1496 etenim
339 1435 441 1495 liuere
452 1442 552 1514 atque
566 1435 719 1496 recedere
732 1452 870 1515 corpora
881 1437 981 1498 rebus

59 1540 178 1621 Multa,
194 1526 302 1603 modis
314 1538 441 1621 multis,
457 1538 573 1602 docuit
587 1539 646 1602 sed
654 1536 799 1619 plurima
812 1541 935 1603 debent
1004 1552 1008 1558 '

59 1645 108 1707 Ex
120 1642 337 1723 animalibus3
352 1646 434 1709 haec
448 1643 526 1724 quia
539 1652 617 1707 eunt
628 1641 772 1707 exercita
780 1651 897 1722 rnotu3

59 1753 232 1832 Multaque
248 1772 309 1833 per
320 1753 475 1814 sudorem
489 1772 530 1814 ex
545 1753 613 1814 alto
632 1768 741 1833 pressa
752 1750 923 1830 feruntur,

59 1856 165 1919 Multa
179 1875 240 1937 per
255 1874 293 1919 os
305 1855 514 1938 exhalantur,
532 1875 634 1936 quom
647 1855 805 1939 languida
818 1857 984 1919 anhelant.

58 1957 119 2022 Hir
132 1957 236 2047 igitur
244 1960 343 2021 rebus
353 1957 487 2021 rarescit
498 1978 631 2039 corpus,
647 1966 678 2020 et
691 1957 800 2020 omnis

59 2062 235 2127 subruitur
246 2072 380 2139 natum
396 2063 492 2123 dolor
501 2079 602 2141 quam
613 2060 825 2141 consequitur
838 2082 920 2124 rem·
956 2063 1015 2144 867

59 2171 236 2252 Propterea
248 2167 377 2250 capitur
390 2166 498 2263 cibus,
512 2173 551 2228 ut
567 2160 733 2228 suffulciat
750 2176 854 2246 artus,

43 2275 99 2336 ·Et
114 2284 240 2337 recreet
256 2271 354 2336 vireis
367 2270 565 2352 interdatur,
585 2280 685 2351 atque
697 2278 863 2352 patentem
914 2319 923 2335 .

63 2382 124 2444 Per
133 2384 282 2444 membra
292 2400 331 2443 ac
341 2399 441 2443 venas
453 2387 646 2443 utamorem
653 2379 785 2442 obturet
796 2376 930 2440 edundi.

100 2490 232 2550 Humor
241 2484 320 2548 item
334 2483 471 2548 discedit
480 2483 516 2546 in
526 2483 657 2564 omnia,
672 2502 757 2563 quae
770 2483 843 2545 loca
853 2504 984 2565 cunque

64 2593 205 2656 Poscunt
215 2592 403 2653 humorem:
415 2590 663 2675 glomerataque
680 2590 784 2652 multa
797 2590 930 2673 vaporis

64 2702 224 2781 Corpora,
240 2717 324 2778 quae
336 2698 675 2779 stomacho'praebent
684 2695 839 2759 incendia
846 2685 975 2776 nostro,

65 2800 216 2884 Dinsupat
224 2800 401 2867 adveniens
419 2799 546 2880 liquor,
564 2815 603 2860 ac
614 2797 805 2880 restinguit,
819 2797 996 2882 utifflem,

64 2908 168 2973 Urere
180 2929 223 2971 ne
235 2906 337 2991 possit
353 2907 444 2969 calor
454 2904 596 2987 amplius
614 2903 725 2963 aridus
736 2910 835 2963 artus.

65 3013 117 3078 Sic
134 3012 237 3100 igitur
254 3012 315 3076 tibi
332 3011 451 3072 anhela
465 3006 534 3071 sitis
552 3009 594 3069 de
604 3023 742 3087 corpore
756 3012 869 3068 nostro

65 3117 235 3199 Abluitur,
247 3115 293 3181 sic
310 3115 460 3196 expletur
473 3109 585 3174 ieiuna
603 3107 733 3191 cupido⁴

33 3298 39 3308 .
104 3225 200 3286 Nunc
211 3212 269 3302 qui
284 3218 356 3300 fiat,
373 3216 422 3279 uti
436 3234 550 3299 passus
564 3214 711 3297 proferre
726 3229 906 3296 queamus,

64 3330 176 3414 Quom
185 3330 352 3408 volumus,
364 3314 508 3417 rffique
520 3323 634 3384 datum
643 3320 686 3384 sit
697 3321 1004 3402 membramovere,
1114 3330 1155 3397 33
1180 3360 1213 3399 ,2

64 3435 200 3516 thuae
211 3452 262 3541 rqs
272 3439 400 3493 tantum
409 3429 473 3492 hoc
486 3425 595 3491 oneris
607 3427 785 3509 protudere
796 3421 900 3503 nostri

66 3539 222 3622 Corporis
234 3535 385 3616 insuerit,
398 3534 524 3597 dicam:
542 3539 576 3593 tu
592 3531 723 3613 percipe
738 3530 835 3593 dicta.
871 3534 874 3540 ’

82 3713 85 3717 ,
107 3643 208 3725 Dico,
221 3641 334 3704 animo
348 3647 459 3701 nostro
472 3635 618 3720 primunr
631 3635 806 3699 simulacra
818 3629 952 3696 meandi

69 3746 240 3841 Accidere,-
255 3756 354 3827 atque
370 3743 520 3808 animum
530 3743 678 3828 pulsare,
693 3749 730 3804 ut
740 3737 883 3809 diximus
893 3746 980 3805 ante.
1004 3828 1007 3833 .
