2550 4726
10 37 24 347 l

285 319 827 418 ou‘rtucntrrto.¹
909 352 1013 429 nvn

66 499 189 589 poetis,
200 497 309 570 Tom.
320 500 362 571 lt
378 501 478 595 Opp·
489 526 568 602 pag.
580 525 657 599 197.
673 520 813 576 secutos
827 504 1013 602 Philippus

64 605 244 680 Beroaldus
256 624 293 679 et
306 608 464 684 Barthius
474 610 545 684 Lll
558 639 591 704 4.
604 614 751 685 Adusta.
767 615 932 687 Lucretio
945 618 1011 710 ipsi

62 717 134 787 testi
153 718 354 807 credimus,
382 721 447 812 qui
467 722 560 793 libro
587 738 689 794 sexto
711 746 746 794 v·
769 743 829 814 92.
848 748 1013 821 supremae

57 831 252 926 praeempta
265 829 311 898 ad
324 828 462 900 eandida
479 832 578 902 calais
589 835 731 927 spatium
748 852 888 903 currem
906 854 944 903 se
961 831 1014 903 af·

60 936 180 1007 firmat.
193 938 394 1012 Exordium
408 941 523 1035 operis
536 940 634 1012 idem
648 967 820 1036 quoque,
834 941 938 1035 quod
947 965 1015 1017 not

59 1046 162 1116 hodie
173 1099 185 1134 ‚
198 1048 285 1145 legit
297 1051 384 1120 olim
401 1050 556 1123 Ovidius
568 1051 611 1122 ll.
625 1052 731 1125 Trist.
743 1076 777 1123 v.
794 1051 875 1126 sor.

19 1208 22 1217 ·
100 1159 281 1237 Sumserit.
295 1162 479 1234 Aeneadum
486 1165 641 1256 genetrix
654 1164 709 1234 ubi
718 1165 849 1262 primas
861 1167 1014 1261 requiret.

149 1273 334 1343 Aeneadum
344 1277 497 1366 genetrix
515 1275 598 1345 ande
611 1279 657 1344 sit
669 1275 757 1345 olma
777 1274 888 1345 Venus.

60 1377 135 1448 Hoc
147 1395 218 1465 est,
240 1381 268 1451 si
285 1381 326 1456 in
338 1403 465 1450 manus
484 1383 648 1453 sumserit
670 1380 897 1470 Lucretium,
915 1383 1017 1455 cuius
1051 1431 1057 1445 ·

59 1486 167 1582 prima
180 1487 265 1558 baec
281 1506 366 1559 sunt
382 1488 508 1560 nerbas
529 1491 711 1561 Aeneadum
722 1488 896 1584 genetrix.
912 1492 1016 1562 hami·

60 1623 129 1669 num
145 1597 497 1700 Divamquevoluptas:
511 1624 623 1693 quem
636 1601 765 1673 Ovidii
774 1625 916 1673 sensum
930 1627 1015 1688 esse,

10 1776 12 1805 Ι
61 1709 272 1804 iampridem
286 1713 422 1784 notavit
435 1712 642 1784 Ludovicus
654 1711 775 1783 Carrio
785 1710 847 1782 lib.
856 1710 882 1782 1.
895 1733 1017 1782 emen·

64 1819 242 1890 dationum
258 1844 334 1914 cap.
350 1822 381 1890 8.
393 1821 570 1893 Usitatum
584 1823 680 1893 enim
700 1821 804 1894 fuisse
816 1819 1016 1909 veteribus,

63 1929 251 2000 atrocibus
263 1931 457 2002 initialibus
468 1932 595 2025 scripta
605 1933 678 2025 ipsa
691 1931 917 2017 denotarent,
933 1932 1015 2024 plu·

10 2126 12 2131 Ι
62 2038 146 2110 ribus
158 2040 332 2133 exemplis
348 2040 456 2110 docet
467 2039 518 2111 lo.
533 2041 671 2111 lonsius
689 2039 732 2113 11.
754 2066 786 2130 5.
801 2041 848 2110 de
858 2040 1017 2132 Scripto-

63 2147 147 2218 ribus
160 2148 252 2219 Hist.
263 2146 393 2219 Philos.
407 2173 485 2245 pag.
506 2149 585 2242 136.
597 2174 668 2240 seq.
680 2166 716 2218 et
729 2149 880 2245 Scaliger
892 2149 940 2218 ad
949 2148 1017 2220 Eu-

62 2255 123 2326 teb.
135 2280 237 2328 num.
251 2274 471 2330 Muccccttr.
488 2255 602 2361 Quod
612 2279 696 2325 vero
710 2255 749 2324 in
762 2254 887 2325 limine
901 2255 1016 2350 operis

10 2366 13 2389 '
61 2365 195 2439 invocat
207 2365 385 2440 Venerem
397 2367 595 2454 Lucretius,
604 2366 715 2435 homo
730 2366 935 2458 Epicureus,
949 2368 1015 2459 qui

60 2501 76 2546 a
90 2476 163 2547 Diis
183 2478 305 2548 omnia
321 2478 477 2548 humana
497 2499 628 2570 susque
643 2475 766 2569 deque
779 2473 931 2569 putabat
952 2479 1016 2547 ha·

61 2574 150 2676 beri,
180 2588 258 2660 satis
280 2612 316 2674 se
339 2586 482 2658 duxisse
505 2585 758 2659 existimandus
779 2602 831 2656 est
857 2585 1015 2657 excusari

58 2721 153 2770 more
167 2701 313 2796 vulgato
327 2710 534 2793 poetarum,
557 2721 677 2790 neque
690 2698 755 2767 alia
768 2719 861 2786 opus
874 2719 945 2767 esse
956 2719 1015 2768 re·

56 2809 243 2901 sponsione
262 2807 411 2881 arbitror
427 2807 473 2879 ad
496 2806 762 2880 dubitationem
776 2806 868 2875 hanc
889 2804 1014 2878 dissol-

54 2916 224 3004 vendam,
237 2941 346 3010 quam
359 2919 493 2988 multos
505 2917 597 2986 viros
605 2917 731 2986 doctos
744 2915 937 2985 exercuisse
947 2915 1015 2986 do·
1091 2998 1096 3007 ¹

52 3042 118 3114 cet,
130 3043 270 3121 praeter
280 3021 903 3120 interpretesLucretii,Creechiu1n,
913 3024 1015 3096 alios·

13 3149 18 3167 ·
51 3158 147 3226 que,
161 3133 283 3205 Petrus
299 3133 456 3223 Badius,
478 3135 533 3205 vir
551 3129 872 3230 ingeniosissimus,
888 3129 927 3212 in
945 3131 1013 3203 Di·
1046 3130 1051 3140 '

51 3242 224 3314 ctionario
237 3245 415 3315 HistorIco
428 3267 506 3343 pag.
524 3266 626 3337 ¹923·
641 3240 808 3312 editionis
820 3242 1011 3334 secundae,

49 3375 163 3444 quern
176 3350 222 3423 de
237 3365 344 3447 po'e'ta
354 3355 483 3442 lector,
505 3354 570 3426 ubi
584 3355 704 3440 volet,
721 3353 893 3422 consulet.
907 3353 1017 3451 Mem-¹

48 3463 169 3535 mium.
186 3462 245 3532 cui
261 3473 391 3556 po'ema
402 3485 507 3534 suum
522 3462 706 3535 Lucretius
719 3460 911 3554 inscripsit,
926 3463 1010 3534 scri·

48 3573 156 3664 psisse
178 3585 216 3643 et
237 3574 355 3663 ipsum
373 3594 510 3660 versus,
532 3573 672 3670 colligas
694 3596 739 3641 ex
759 3570 862 3639 Plinii
885 3570 946 3643 lib.
961 3570 1008 3646 V.

48 3681 156 3776 Epist.
170 3705 202 3775 3.
218 3680 384 3753 Eundem
395 3681 658 3754 Maecenatibus
673 3705 713 3752 ac
724 3679 928 3755 liberalibus
936 3698 1007 3756 sto·

51 3791 196 3864 diorum
208 3793 365 3883 patronis
376 3807 534 3865 accenset
546 3791 712 3864 Martialis
725 3788 805 3860 ΧΠ.
816 3789 875 3884 36.

135 3895 264 3954 mitt·
327 3983 332 3990 ,
763 3898 820 3970 (²)
