2550 4726
418 358 624 425 ursas
664 360 717 425 11.
755 360 880 446 esp.
1090 371 1134 435 n

183 501 254 569 Nam
269 501 382 568 multis
398 522 554 570 succensa
566 503 648 571 loeis
660 507 779 571 ardent
788 508 860 573 sola
874 513 995 591 terrae;

182 605 305 673 Erimiis
321 629 401 673 vero
410 608 492 673 furit
506 608 641 697 ignibus
650 610 793 696 impetus
805 614 941 680 senae.

181 712 253 776 ‘lum
263 735 364 799 porro
376 713 499 779 nitidas
509 713 651 800 engeis,
667 716 866 798 arbustaque
880 718 966 781 laeta
973 764 986 802 ,
1057 774 1060 785 .

182 825 327 890 Gentibus
336 820 493 886 humanis
504 823 605 885 habet
619 823 708 886 rmde
722 824 882 888 extollere·
897 826 1019 908 possit:

182 929 263 994 Unde
279 928 380 992 etiam
392 925 511 990 fluidas
524 925 686 1008 frondeis,
708 935 742 990 et
760 928 885 1011 pabula
899 931 987 995 laeta

180 1039 359 1124 Montivago
376 1031 492 1122 generi
507 1030 611 1117 possit
625 1036 784 1116 praebere
796 1034 962 1100 leronimi
1033 1024 1036 1035 '

181 1144 276 1226 Quare
290 1135 529 1226 magnaDelim
545 1147 667 1221 meter,
685 1148 856 1220 materque
867 1141 1035 1228 terarum,

180 1243 212 1304 Et
224 1243 325 1308 nostri
337 1240 488 1329 genetrix
502 1243 585 1303 haec
597 1241 684 1304 dicta
698 1250 747 1305 est
759 1244 907 1326 corporis
924 1266 1001 1310 una.

211 1351 300 1411 Hanc
314 1358 441 1411 veteres
453 1343 592 1437 Grairim
609 1344 698 1410 docti
714 1344 863 1412 cecinere
879 1353 997 1430 poetae
1024 1374 1029 1383 ’

181 1452 348 1517 Sublimem
361 1452 398 1515 in
414 1473 513 1516 curru
529 1451 661 1540 biiugos
675 1451 801 1539 agitare
814 1453 945 1532 leones;

126 1560 130 1635 t
181 1558 255 1622 Aeris
267 1560 303 1622 in
317 1544 423 1644 spatio
435 1579 592 1645 magnam
608 1560 756 1641 pendere
775 1560 931 1623 docentes

180 1665 348 1749 Tellurem,
361 1687 469 1748 neque
478 1686 575 1750 posse
586 1665 624 1729 in
640 1674 728 1729 terra
743 1663 857 1729 sistere
872 1675 1004 1730 terram.

180 1771 352 1837 iniunxere
367 1775 470 1851 feras3
486 1775 589 1854 quod,
611 1768 763 1854 quamvis
775 1766 892 1853 effers,
908 1774 1020 1855 proles

180 1871 289 1940 Officiis
305 1879 403 1941 debet
417 1876 543 1940 molliri
556 1876 644 1939 victa
663 1883 858 1956 parentum:

180 1977 352 2059 lluralique
366 1989 464 2061 caput
480 1999 648 2042 summum
666 1976 798 2041 cinxere
813 1998 952 2057 corona3

179 2078 299 2146 Eximiis
313 2084 441 2146 munita
450 2083 532 2146 locis
544 2085 635 2164 quod
648 2082 785 2147 sustinet
804 2085 933 2147 urbeis:
1062 2089 1123 2153 608

179 2189 239 2271 Quo
255 2213 346 2255 nunc
358 2190 483 2278 insigni
499 2211 560 2272 per
571 2209 709 2276 magnas
724 2189 874 2272 praedita
888 2199 990 2253 terras

177 2288 324 2358 Horrilrce
335 2294 440 2357 fertur
451 2291 586 2355 divinae
600 2290 714 2355 Matris
732 2289 856 2378 inrogo.

175 2391 256 2461 Hane
273 2398 385 2462 variae
401 2408 534 2485 gentes,
546 2397 683 2479 antiquo
696 2386 789 2462 more
806 2417 995 2486 sacrorum,

174 2496 291 2571 idaeam
302 2507 449 2570 vocitant
467 2517 623 2586 matrem,
639 2504 867 2592 Phrygiasque
880 2517 1026 2572 catervas

170 2600 248 2675 Dant
259 2610 409 2692 comites,
429 2609 507 2693 quia
520 2609 668 2693 primum
681 2629 721 2672 ex
732 2609 799 2674 illis
812 2608 935 2677 finibus
948 2616 1053 2688 edunt

167 2707 224 2775 Per
238 2728 395 2782 terrarum
410 2716 519 2782 orbeis
529 2717 641 2804 fruges
656 2714 802 2803 ioepisse
817 2721 933 2784 creari.

163 2812 271 2888 Gallos
283 2824 484 2900 attribuunt3
502 2822 599 2905 quia,
614 2844 738 2885 numen
751 2825 810 2903 qni
823 2824 982 2889 violarint

160 2916 287 3012 Matris,
303 2940 336 2994 et
346 2916 471 3017 ingrati
484 2927 689 3015 genitoribus
706 2927 836 2990 inventi
848 2928 932 3007 sint,

156 3020 350 3112 Significare
361 3036 478 3098 volunt
490 3033 646 3120 indignos
658 3053 728 3096 esse
743 3036 928 3121 putandos,

155 3126 275 3203 Vivam
289 3141 484 3229 progeniem
505 3138 615 3222 quiin
632 3160 707 3203 oras
720 3142 858 3205 luminis
875 3144 984 3205 edant.

154 3231 332 3333 Tympana
351 3261 440 3315 tenta
454 3260 571 3315 tonant
583 3249 722 3335 palmis,
738 3260 770 3314 et
781 3254 935 3334 cymbala
947 3252 1072 3318 circum

155 3340 324 3439 Concava,
342 3360 581 3441 raucisonoque
595 3359 766 3422 minantur
785 3379 910 3424 cornua
927 3370 1043 3439 cantu3

152 3445 196 3513 Et
213 3462 357 3552 Phrygio
369 3446 515 3530 stimulat
531 3488 671 3531 numero
684 3488 763 3530 cava
779 3468 860 3532 tibia
873 3470 1012 3536 menleis
1020 3493 1032 3552 3

152 3550 300 3648 Telaque
315 3582 544 3654 praeportant,
565 3570 701 3635 violenti
712 3570 805 3658 signa
818 3574 956 3654 furonis,

157 3656 305 3752 Ingratos
319 3677 462 3757 animos,
483 3686 581 3756 atque
594 3674 697 3758 impia
713 3685 863 3759 pectora,
878 3677 970 3767 volgi

162 3764 351 3848 conterrere
362 3794 452 3850 metu
465 3803 551 3866 quae
567 3783 694 3870 possint
711 3783 849 3852 numine
864 3784 977 3850 Divae.
