2550 4726
278 349 381 406 xvm
434 326 712 403 NOTITIA
746 324 1092 415 LITERARIA

374 493 523 566 Pisones,
539 492 755 584 Senecasque.
770 487 994 585 Memmiosque

372 602 418 672 Et
433 599 559 698 Crispos
572 599 650 668 milti
663 596 758 667 redde
790 635 826 649 -
864 631 901 650 -

324 713 430 818 Quae
440 733 560 782 veroa
579 707 775 779 recentiore
791 722 905 777 aetate
922 706 961 776 11
976 704 1090 776 Gallia
1108 705 1237 778 etiam·

274 844 365 894 num
376 823 483 893 claret
496 816 636 889 illustris
647 814 904 889 Memmiorum
916 840 1017 914 gens,
1032 814 1168 887 Gallice
1179 816 1235 887 des

272 933 427 1006 Mesmes.
440 929 467 999 si
482 925 726 999 Bernhardum
750 924 935 996 Monetam
957 922 1142 1011 audimus,
1166 923 1237 994 La·

273 1040 350 1112 tine
368 1039 609 1110 Maximorum
622 1034 743 1129 potius
759 1034 909 1103 nomine
923 1031 1134 1124 appellanda
1148 1048 1234 1104 erat.

272 1146 366 1220 Vide
379 1147 586 1245 Menagiana
597 1141 776 1216 Tom.IV.
789 1165 866 1239 pag.
882 1163 921 1224 17
927 1164 962 1231 5.
979 1140 1035 1211 De
1047 1140 1140 1211 illius
1150 1164 1237 1238 gen·

273 1254 317 1325 tis
336 1253 502 1324 laudibus
529 1253 628 1346 Casp.
654 1249 840 1322 Gevartius
864 1248 1083 1341 praefatione
1103 1246 1150 1318 ad
1163 1264 1235 1320 tres

269 1363 474 1436 Electorum
491 1362 599 1434 libros
616 1361 729 1433 editos
745 1359 846 1430 Paris.
864 1359 967 1451 1611).
983 1382 1015 1447 4.
1032 1357 1236 1430 Franciscus

270 1472 440 1546 Vavassor
459 1471 498 1542 in
512 1472 628 1568 elogio
650 1468 775 1541 Claud.
788 1465 971 1556 Memmii,
993 1464 1102 1537 Hadr.
1123 1467 1235 1539 Vale-

269 1583 339 1652 sius
358 1581 396 1651 in
412 1580 637 1653 dedicatione
658 1579 829 1651 diatribae
845 1576 891 1647 de
907 1577 1075 1663 basilicis,
1098 1576 1233 1669 aliique

268 1689 402 1763 laudati
414 1689 593 1760 aGraevio
603 1688 642 1758 in
653 1689 759 1783 Epist.
771 1686 817 1757 ad
831 1687 909 1759 Nic.
921 1685 1111 1758 Heinsium
1120 1684 1234 1757 Tom-

267 1801 331 1874 lv.
344 1798 430 1895 Syll
446 1798 636 1872 Burmann.
650 1822 729 1894 pag.
744 1797 826 1869 611.

317 1907 474 1979 Lucretii
499 1906 629 2000 placita
647 1905 818 1998 Epicurea
832 1906 988 1979 carmine
1009 1904 1235 1977 confutanda

265 2015 333 2088 sibi
347 2032 569 2103 sumserunt,
588 2015 715 2087 Latino
734 2015 889 2088 Heroico
912 2016 1085 2110 quidem,
1108 2018 1234 2088 Aonius

266 2125 458 2202 Poleorius.
471 2126 578 2224 Scipio
593 2126 759 2225 Capicius.
777 2126 977 2222 Polignocus
988 2126 1180 2197 Cardinalis
1194 2142 1233 2199 et

201 2274 211 2299 l
270 2234 305 2304 T
302 2235 411 2305 domas
432 2233 518 2305 Cera
541 2230 617 2302 St
637 2233 788 2328 Anglico
803 2232 967 2304 Heurieus
987 2232 1100 2301 Morus
1115 2247 1152 2301 et
1169 2228 1234 2301 Ri-

268 2343 408 2415 olardus
421 2341 635 2412 Blaslmores
652 2339 788 2410 Gallico
805 2337 940 2411 Carolus
956 2339 1110 2410 Claudius
1126 2337 1233 2411 Gene-

266 2469 356 2524 srus.
370 2463 406 2518 et
416 2447 834 2519 ItalicoAlex.Marclretti.
843 2448 1002 2546 Scipionis
1013 2448 1134 2546 Capicii
1146 2447 1232 2520 libri

264 2559 309 2631 ll.
322 2559 370 2628 de
379 2580 498 2627 rerum
510 2556 714 2650 principiis,
735 2556 862 2629 Vener.
880 2556 981 2649 1546.
997 2558 1029 2627 8.
1042 2556 1233 2650 prodiere,

151 2674 156 2685 ‘
265 2686 302 2740 et
315 2667 468 2746 ‚Paleorii
493 2665 576 2737 libri
598 2682 666 2738 tres
688 2691 754 2761 pro
778 2668 917 2738 animae
938 2667 1232 2760 immortalitate,

264 2776 431 2848 Lucretio
454 2778 635 2871 oppositi,
655 2802 701 2848 ex
718 2778 846 2850 merito
865 2776 1091 2850 laudantura
1113 2775 1232 2850 sado·
1270 2860 1273 2865 ,

261 2887 336 2959 leto
349 2885 439 2980 Epp.
452 2884 495 2958 V.
509 2910 588 2983 pag·
607 2908 686 2959 roo.
707 2910 830 2980 quosa
845 2885 999 2957 Paleario
1015 2886 1162 2979 scriptos
1175 2907 1232 2956 es-

261 3021 320 3084 se,
331 2997 406 3067 sine
418 2995 548 3068 idonea
561 3021 661 3069 causa
672 2997 815 3069 dubitat
826 2996 919 3070 Rob.
931 2995 1048 3067 Titius
1061 3019 1108 3065 ex
1119 2995 1232 3069 Wel-

260 3107 326 3178 seri
342 3105 442 3198 Opp.
454 3129 532 3203 pag.
554 3106 636 3190 878.
654 3106 847 3180 cardinalis
870 3107 1042 3199 Polignnci
1064 3103 1145 3175 libri
1160 3103 1229 3176 lX.

261 3216 308 3287 de
331 3215 413 3284 Deo
433 3230 577 3284 auctore
599 3215 751 3285 universi
775 3212 907 3306 cupide
930 3213 1122 3307 exspectati
1140 3228 1229 3307 post

259 3322 442 3418 specimen
466 3346 591 3394 eorum
611 3324 773 3411 editum,
793 3324 912 3400 lucem
932 3322 1120 3410 viderunt,
1141 3340 1229 3416 post

258 3452 413 3505 mortem
426 3431 519 3520 eius,
532 3432 690 3525 primum
706 3431 837 3504 Parisiis
849 3455 931 3503 cura
943 3429 1092 3503 Abbatis
1111 3431 1229 3505 Caroli

257 3545 420 3621 Rotielini
429 3597 440 3617 ,
454 3543 492 3612 in
507 3543 608 3637 cuius
625 3542 842 3636 praefatione
858 3541 998 3615 historia
1013 3543 1093 3614 libri
1113 3541 1228 3613 tradi-

258 3668 335 3736 tur,
355 3649 487 3721 deinde
502 3650 638 3744 Lipsiae
657 3653 757 3740 1748.
777 3652 809 3721 8.
829 3675 914 3723 cura
930 3651 1113 3721 Gotsciedii
1122 3659 1133 3725 .
1157 3651 1227 3721 ad·

261 3760 335 3832 dita
347 3754 508 3835 Diauibe
526 3760 572 3833 de
596 3759 713 3834 Poetis
727 3759 957 3855 Philosophia.
982 3758 1082 3834 Cevae
1096 3758 1225 3832 Philo·
