2550 4726
322 354 526 425 LIBER
566 354 648 417 111.
687 372 720 418 v.
741 356 809 421 582.
983 378 1039 419 ror

79 496 272 581 Emanarit,
290 497 338 563 uti
353 498 481 583 lamus,
495 496 615 565 diffusa
632 500 764 564 animae
779 499 855 565 vis?

80 606 193 685 Atque
204 582 281 667 ideo
295 614 383 669 tanta
398 616 560 669 mutatum
578 616 675 689 putre
689 606 789 668 ruina

81 698 274 774 conciderit
285 730 403 794 corpus
416 714 564 796 penitus,
581 713 658 795 quia
673 724 763 776 mota
773 715 847 776 loco
859 721 936 776 sunt

82 817 329 899 Fundamenta,
347 818 433 881 foras
446 828 581 881 manant
599 816 794 899 animaeque
809 838 868 899 per
881 827 988 897 artus,

82 925 213 1004 Perque
224 923 353 986 viarum
362 923 488 988 omneis
498 926 616 1005 tlexus,
630 924 815 1007 incorpore
826 922 989 1005 quisunt,

82 1031 191 1111 Atque
204 1030 389 1094 foramina?
404 1030 608 1093 multimodis
620 1040 656 1092 ut
667 1051 802 1093 noscere
812 1028 916 1113 possis

82 1135 300 1218 Dispertitam
315 1136 446 1198 animae
461 1146 614 1223 namram
631 1134 734 1196 exisse
749 1154 810 1215 per
826 1144 930 1212 artus3

83 1245 126 1305 Et
131 1222 227 1326 ¹prius
236 1260 305 1306 esse
316 1242 380 1306 sibi
393 1243 580 1306 distractam
592 1260 729 1323 corpore
741 1239 777 1301 in
791 1240 880 1323 ipso,

85 1357 212 1438 Quam,
226 1354 381 1436 prolapsa
395 1354 501 1435 foras,
518 1364 630 1419 enaret
647 1352 682 1414 in
697 1352 782 1417 aeris
801 1354 921 1416 auras?

128 1454 218 1539 Quin
231 1453 348 1535 etiam,
362 1452 458 1517 fineis
475 1458 555 1517 dum
567 1458 655 1520 vitae
668 1458 808 1522 vortitur
820 1459 923 1541 intra,

83 1562 190 1641 Saepe
206 1559 318 1640 aliqua
333 1570 446 1623 tamen
462 1582 481 1623 e
498 1560 597 1625 causa
611 1562 774 1625 labefacta
788 1563 920 1626 videtur

83 1667 142 1727 lre
154 1665 282 1746 anima,
296 1684 334 1727 ac
345 1674 413 1727 toto
426 1664 512 1728 solvi
529 1668 572 1729 de
584 1684 723 1749 corpore
738 1675 901 1745 mentem;

82 1766 232 1847 thuasi
244 1786 399 1849 supremo
416 1769 629 1855 languescere
644 1781 792 1854 tempore
806 1772 934 1852 voltus,

82 1872 269 1953 Molliaque
279 1873 438 1958 exsangui
451 1876 568 1936 cadere
578 1874 690 1936 omnia
702 1895 840 1955 corpore
854 1876 1013 1936 membra.

83 1976 188 2058 Quod
199 1987 374 2059 genusest,
388 1975 501 2036 animo
509 1976 726 2037 malefactum
735 1996 810 2036 cum
820 1975 1033 2057 perhibetur,

81 2084 155 2143 Aut
165 2077 312 2138 animam
319 2076 469 2156 liquisse,
484 2079 541 2140 ubi
555 2078 623 2139 iam
635 2077 833 2159 trepidatur,
847 2088 879 2139 et
892 2097 1007 2139 omnes

83 2187 282 2245 Extremum
296 2182 434 2264 cupiunt
444 2180 532 2244 vitae
545 2182 786 2264 reprehendere
801 2180 961 2243 vinclum.
990 2182 1047 2263 598

84 2293 334 2369 conquassatur
346 2288 437 2351 enim
451 2296 523 2349 tum
537 2307 646 2370 mens,
658 2285 856 2369 animaeque
864 2290 1018 2370 potestas'

89 2396 226 2473 Omnis5
245 2405 276 2457 et
296 2398 378 2457 haec
392 2394 465 2478 ipso
483 2416 559 2457 cum
576 2413 716 2478 corpore
729 2394 970 2459 conlabefiunt:
1005 2394 1008 2399 ’

87 2507 134 2564 Ut
149 2500 283 2588 gravior
298 2503 411 2583 paullo
424 2500 529 2583 possit
541 2501 719 2564 dissolvere
738 2520 846 2564 causa.
939 2582 943 2589 Ι

117 2604 223 2688 'Quid
235 2603 380 2686 dubitas,
399 2596 532 2667 tandem
548 2602 631 2686 quin
644 2616 737 2668 extra
748 2606 879 2688 prodita
894 2624 1014 2691 corpus

88 2708 262 2771 imbecilla
273 2709 379 2791 foras,
397 2707 434 2771 in
454 2719 585 2793 aperto,
606 2710 752 2799 tegmine
771 2712 901 2795 demto,

88 2816 168 2877 Non
178 2815 279 2875 modo
287 2833 357 2875 non
375 2832 511 2875 omnem
526 2814 627 2896 possit
641 2817 761 2878 durare
774 2836 834 2896 per
845 2836 964 2877 aevum
972 2862 983 2897 ,

88 2920 159 2983 Sed
170 2917 358 2981 minumum
370 2916 510 2998 quodvis
524 2926 668 2997 nequeat
681 2915 859 2979 consistere
873 2920 1022 3001 tempus?
1086 2978 1089 2987 .

133 3024 202 3084 Nec
219 3021 284 3084 sibi
300 3018 391 3083 enim
404 3017 578 3100 quisquam
592 3016 736 3079 moriens
747 3015 868 3080 sentire
882 3016 1031 3103 videtur,

89 3130 148 3191 Ire
164 3128 250 3191 foras
265 3126 410 3190 animam
422 3124 625 3187 incolumem
641 3126 682 3186 de
700 3110 837 3206 corpore
854 3132 942 3211 toto;

91 3240 162 3299 Nec
172 3237 320 3318 priusad
332 3234 500 3321 iugulum,
518 3241 550 3295 et
559 3248 693 3314 superas
704 3231 880 3307 succedere
893 3226 1029 3307 fauceis3

92 3347 221 3409 Verum
233 3341 373 3404 deficere
386 3340 423 3402 in
435 3349 523 3402 certa
531 3336 667 3425 regione
677 3330 839 3401 locatam:

92 3452 141 3511 Ut
154 3468 265 3511 seusus
276 3446 371 3529 alios,
393 3446 530 3527 inparti
545 3466 710 3525 quemque
725 3464 799 3524 sua,
817 3443 878 3506 scit

91 3556 256 3620 Dissolvi:
279 3556 387 3637 quod,
399 3552 427 3614 si
443 3551 640 3614 immortalis
652 3554 762 3613 nostra
775 3552 861 3612 foret
870 3555 980 3634 mens,

91 3666 171 3725 Non
182 3660 250 3723 iam
263 3680 298 3722 se
311 3656 456 3720 moriens
467 3654 602 3718 dissolvi
614 3618 956 3734 conquerereturl‘lfffl
997 3652 1000 3661 '

91 3774 161 3838 Sed
170 3771 279 3859 magis
287 3769 337 3833 ire
346 3768 450 3850 foras,
462 3774 651 3847 vestemque
662 3762 865 3844 relinquere,
875 3756 914 3823 ut'
920 3756 1057 3846 anguis,
