2550 4726
274 344 323 424 ια’
481 362 552 425 nr·
572 362 756 425 neuun
781 360 991 423 ntrunn
1065 380 1097 423 v.
1119 362 1190 423 823.

315 500 407 585 Quin
419 501 518 565 etiarn
535 502 656 585 passim
669 501 788 565 nostris
800 499 999 564 inversib'us
1011 500 1095 583 'iptis
1118 542 1126 563 ,ι
1145 536 1152 551 ι
1171 528 1186 543 ·-
1205 510 1222 517 ““

273 610 380 671 Multa
390 609 551 677 elementa
564 606 673 687 vides,
689 606 801 670 multis
816 606 1009 669 communia
1019 606 1146 670 verbis:
1211 614 1231 653 -“

275 715 385 797 Quom
402 725 510 783 tamen
527 713 614 775 inter
627 732 802 794 reversus,
821 715 985 795 acnerba,
1004 733 1134 777 necesse
1148 721 1199 778 est

275 816 474 901 Confiteare,
490 829 523 882 et
534 840 589 901 re,
606 828 640 882 et
652 819 763 882 sonitu
780 818 900 903 distare
915 818 1064 881 tonanti:
1182 852 1192 873 ι

273 925 415 987 Tantum
428 926 590 988 elementa
605 926 749 1005 queunt,
763 932 952 1007 permutato
958 921 1079 985 ordine
1092 924 1187 985 solol

272 1030 315 1092 At
333 1052 445 1093 rerum
462 1033 632 1112 quaesunt
648 1026 1126 1114 primordia„pluraadhibere
1190 1056 1204 1091 .·

273 1133 425 1218 Possunt,
443 1137 531 1199 unde
547 1144 669 1217 queant
683 1135 793 1198 variae
802 1155 864 1199 res·
874 1155 1025 1216 quaeque
1040 1135 1158 1199 creari.

313 1245 408 1305 Nunc
424 1246 689 1327 etAnaxcgorae
706 1249 891 1305 scrutemur
903 1238 1110 1324 ὅμοιομέμιαν,
1228 1264 1236 1277 ·

272 1356 382 1439 Quam
392 1347 484 1413 Graii
500 1356 697 1428 memorant,
713 1368 775 1410 nec
788 1354 900 1411 nostre
914 1346 1022 1410 dicere
1033 1345 1149 1432 lingua

273 1456 431 1521 Concedit
444 1452 539 1517 nobis
549 1450 648 1535 patrii
662 1450 822 1515 sermonis
835 1460 976 1536 egestas:
1028 1503 1030 1507 ,

272 1562 337 1625 Sed
349 1571 458 1623 tamen
473 1557 578 1638 ipsam
594 1576 665 1618 rem
679 1553 777 1616 facile
791 1563 839 1618 est
853 1574 1020 1636 exponere
1035 1555 1159 1638 verbis,

272 1662 477 1745 Principium
493 1680 622 1734 rerum,
637 1676 738 1739 quam
749 1658 828 1722 dicit
840 1656 1037 1741 ὃμοιομίρειιν.
1062 1689 1066 1695 ·

274 1771 357 1835 Ossa
368 1767 521 1838 videlicet
530 1786 550 1827 c
566 1763 723 1848 pauxillis
738 1772 837 1844 atquc
852 1765 988 1828 minutis

273 1875 411 1954 Oasihu’,
424 1872 470 1937 sic
480 1874 568 1936 etde
578 1870 732 1956 pauxillis
749 1879 847 1952 atque
862 1871 999 1936 minutis

272 1976 460 2048 Visceribus
473 1978 597 2059 viscus,
612 1976 723 2063 gigni3
744 1963 957 2063 sanguenque
974 1980 1080 2042 creari
1148 2022 1151 2029 -
1181 2026 1184 2031 -

272 2085 447 2174 Sanguinis
461 2083 548 2146 inter
561 2102 597 2147 ae
608 2082 721 2145 multis
734 2075 922 2145 coe'untibu’
934 2084 1052 2170 guttis:
1169 2088 1232 2153 838

265 2194 322 2257 ,Εκ
332 2186 470 2271 aurique
481 2197 574 2273 putat
589 2186 684 2250 micis
700 2186 874 2250 consistere
891 2208 986 2271 posse
1184 2202 1187 2217 ¹

272 2300 419 2377 Aurum,
436 2304 468 2356 et
482 2295 524 2355 de
537 2283 631 2353 terris
647 2300 767 2352 terram
780 2310 989 2356 concrescere
1005 2295 1131 2376 parvit3
1192 2316 1205 2327 ··

273 2400 460 2487 Ignibusex
473 2395 594 2483 igneis,
612 2397 788 2457 humorem
803 2397 1017 2482 humoribus,
1032 2420 1113 2463 esse.
1219 2398 1222 2403 ’

274 2503 388 2568 Cetera
402 2501 566 2568 consimili
583 2499 678 2586 fingit
697 2501 839 2583 ratione,
858 2512 1026 2585 putatque.

273 2609 340 2672 Nec
357 2619 467 2669 tamen
480 2623 548 2666 esse
566 2605 633 2666 ulla
648 2615 740 2687 parte
753 2605 842 2668 idern
856 2607 892 2670 in
908 2608 1005 2672 rebus
1019 2608 1120 2674 inane

274 2711 450 2795 Concedit,
463 2731 570 2791 neque
582 2695 774 2793 corporibus
788 2710 974 2786 finemesse
990 2716 1149 2781 secandis.

273 2823 384 2905 Quare
398 2817 433 2879 in
449 2813 682 2895 utraquernihi
694 2815 818 2897 pariter
833 2818 959 2882 ratione
975 2821 1108 2883 videtur
1150 2846 1153 2853 ·
1233 2838 1236 2847 ·

274 2931 407 3005 Errare5
423 2935 521 3007 atque
536 2924 604 2987 illis
620 2924 726 3007 iuxta,
740 2946 821 3006 quos
834 2926 977 2991 diximus
991 2939 1076 2991 ante.
1161 2940 1178 2951 ·‘

314 3035 423 3114 Adde,
442 3033 531 3114 quod
545 3030 710 3093 imbecilla
729 3031 828 3095 nimis
840 3032 1020 3115 primordia
1031 3032 1147 3120 fingit,

274 3141 308 3203 Si
326 3137 507 3222 primordia
523 3135 732 3216 sunt,·simili
744 3157 829 3216 quae
843 3137 990 3220 praedita
1008 3147 1159 3200 constant
1223 3140 1226 3145 ’

274 3249 397 3307 Natura
406 3254 505 3324 atque
518 3243 607 3325 ipsae
617 3264 668 3307 res
681 3253 768 3319 sunt;
787 3262 956 3325 aequeque
973 3246 1142 3326 laborant,
1228 3266 1239 3289 ·-

243 3430 245 3435 Ι
275 3350 314 3410 Et
326 3355 480 3430 pereunt,
500 3367 607 3426 neque
617 3350 659 3409 ab
672 3346 772 3408 exitio
785 3366 836 3411 res
855 3349 924 3410 ulla
943 3349 1117 3413 refraenat.
1231 3382 1235 3389 =

271 3453 358 3512 'Nam
372 3450 454 3531 quid
466 3449 503 3512 in
515 3470 671 3533 oppressu
691 3449 803 3511 valido
816 3452 948 3515 durabit
965 3472 1098 3535 eorum,
1203 3468 1207 3475 “

276 3556 320 3616 Ut
334 3566 473 3618 mortem
491 3553 641 3642 effugiat,
661 3556 719 3618 leti
735 3558 797 3619 sub
814 3558 968 3622 dentibus
985 3560 1090 3643 ipsis?
1203 3596 1207 3603 -

275 3657 440 3743 ignislan
450 3661 755 3724 humorianaura?
771 3662 1217 3752 quidhorumisanguiaan?

802 3788 888 3834 anne
901 3769 959 3833 ou?
