<?xml version="1.0" encoding="UTF-8"?>
<!DOCTYPE html PUBLIC "-//W3C//DTD XHTML 1.0 Transitional//EN"
    "http://www.w3.org/TR/xhtml1/DTD/xhtml1-transitional.dtd">
<html xmlns="http://www.w3.org/1999/xhtml" xml:lang="en" lang="en">
 <head>
  <title>
</title>
<meta http-equiv="Content-Type" content="text/html;charset=utf-8" />
  <meta name='ocr-system' content='tesseract 3.04.00' />
  <meta name='ocr-capabilities' content='ocr_page ocr_carea ocr_par ocr_line ocrx_word'/>
</head>
<body>
  <div class='ocr_page' id='page_1' title='image "./dererumnaturali00carugoog_0220.png"; bbox 0 0 2550 4726; ppageno 0'>
   <div class='ocr_carea' id='block_1_1' title="bbox 158 264 1073 371">
    <p class='ocr_par' dir='ltr' id='par_1_1' title="bbox 158 264 1073 371">
     <span class='ocr_line' id='line_1_1' title="bbox 158 264 1073 371; baseline -0.005 -19"><span class='ocrx_word' id='word_1_1' title='bbox 158 293 213 355; x_wconf 75' lang='lat' dir='ltr'><strong>ms</strong></span> <span class='ocrx_word' id='word_1_2' title='bbox 363 280 432 352; x_wconf 78' lang='lat' dir='ltr'><strong>nn</strong></span> <span class='ocrx_word' id='word_1_3' title='bbox 457 286 643 371; x_wconf 77' lang='lat' dir='ltr'><strong>uenum</strong></span> <span class='ocrx_word' id='word_1_4' title='bbox 670 285 882 349; x_wconf 72' lang='lat' dir='ltr'><strong>uerunt</strong></span> <span class='ocrx_word' id='word_1_5' title='bbox 913 264 918 271; x_wconf 83' lang='grc'><strong><em>’</em></strong></span> <span class='ocrx_word' id='word_1_6' title='bbox 955 301 988 346; x_wconf 78' lang='lat' dir='ltr'><strong>v.</strong></span> <span class='ocrx_word' id='word_1_7' title='bbox 1010 282 1073 347; x_wconf 76' lang='lat' dir='ltr'><strong>m.</strong></span> 
     </span>
    </p>
   </div>
   <div class='ocr_carea' id='block_1_2' title="bbox 133 425 1114 1043">
    <p class='ocr_par' dir='ltr' id='par_1_2' title="bbox 133 425 1082 941">
     <span class='ocr_line' id='line_1_2' title="bbox 154 425 1060 512; baseline -0.008 -18"><span class='ocrx_word' id='word_1_8' title='bbox 154 428 280 494; x_wconf 86' lang='lat' dir='ltr'><strong>Tactile</strong></span> <span class='ocrx_word' id='word_1_9' title='bbox 297 429 346 494; x_wconf 91' lang='lat' dir='ltr'><strong>nil</strong></span> <span class='ocrx_word' id='word_1_10' title='bbox 364 428 459 497; x_wconf 81' lang='lat' dir='ltr'><strong>nobis</strong></span> <span class='ocrx_word' id='word_1_11' title='bbox 472 429 563 509; x_wconf 91' lang='lat' dir='ltr'><strong>quod</strong></span> <span class='ocrx_word' id='word_1_12' title='bbox 576 425 632 509; x_wconf 83' lang='lat' dir='ltr'><strong>sit,</strong></span> <span class='ocrx_word' id='word_1_13' title='bbox 652 425 846 512; x_wconf 80' lang='lat' dir='ltr'><strong>contingere</strong></span> <span class='ocrx_word' id='word_1_14' title='bbox 858 425 968 493; x_wconf 79' lang='lat' dir='ltr'><strong>deber.</strong></span> <span class='ocrx_word' id='word_1_15' title='bbox 985 444 993 493; x_wconf 72' lang='lat' dir='ltr'><strong>r</strong></span> <span class='ocrx_word' id='word_1_16' title='bbox 1013 484 1018 491; x_wconf 88' lang='lat'><em>.</em></span> <span class='ocrx_word' id='word_1_17' title='bbox 1053 462 1060 487; x_wconf 92' lang='lat'><strong>·.</strong></span> 
     </span>
     <span class='ocr_line' id='line_1_3' title="bbox 155 529 1042 625; baseline -0.008 -23"><span class='ocrx_word' id='word_1_18' title='bbox 155 542 307 625; x_wconf 80' lang='lat' dir='ltr'>Tangere</span> <span class='ocrx_word' id='word_1_19' title='bbox 319 537 408 601; x_wconf 90' lang='lat' dir='ltr'><strong>enim</strong></span> <span class='ocrx_word' id='word_1_20' title='bbox 417 556 487 599; x_wconf 89' lang='lat' dir='ltr'><strong>non</strong></span> <span class='ocrx_word' id='word_1_21' title='bbox 500 533 589 616; x_wconf 82' lang='lat' dir='ltr'><strong>quit,</strong></span> <span class='ocrx_word' id='word_1_22' title='bbox 603 534 631 597; x_wconf 93' lang='lat' dir='ltr'><strong>si</strong></span> <span class='ocrx_word' id='word_1_23' title='bbox 642 531 733 618; x_wconf 78' lang='lat' dir='ltr'><strong>tangi</strong></span> <span class='ocrx_word' id='word_1_24' title='bbox 744 551 813 595; x_wconf 90' lang='lat' dir='ltr'><strong>non</strong></span> <span class='ocrx_word' id='word_1_25' title='bbox 826 529 904 594; x_wconf 86' lang='lat' dir='ltr'><strong>licet</strong></span> <span class='ocrx_word' id='word_1_26' title='bbox 916 529 1042 616; x_wconf 81' lang='lat' dir='ltr'><strong>ipsum,</strong></span> 
     </span>
     <span class='ocr_line' id='line_1_4' title="bbox 149 638 1082 726; baseline -0.008 -22"><span class='ocrx_word' id='word_1_27' title='bbox 149 645 265 726; x_wconf 73' lang='lat' dir='ltr'><strong>Quare</strong></span> <span class='ocrx_word' id='word_1_28' title='bbox 277 643 376 706; x_wconf 87' lang='lat' dir='ltr'><strong>etiam</strong></span> <span class='ocrx_word' id='word_1_29' title='bbox 387 644 480 707; x_wconf 89' lang='lat' dir='ltr'><strong>sedes</strong></span> <span class='ocrx_word' id='word_1_30' title='bbox 491 661 624 723; x_wconf 88' lang='lat' dir='ltr'><strong>quoque</strong></span> <span class='ocrx_word' id='word_1_31' title='bbox 636 639 755 703; x_wconf 89' lang='lat' dir='ltr'><strong>nostris</strong></span> <span class='ocrx_word' id='word_1_32' title='bbox 765 638 980 703; x_wconf 79' lang='lat' dir='ltr'><strong>sedibuseeee</strong></span> <span class='ocrx_word' id='word_1_33' title='bbox 1078 688 1082 697; x_wconf 92' lang='lat'><em>.</em></span> 
     </span>
     <span class='ocr_line' id='line_1_5' title="bbox 133 746 987 828; baseline -0.004 -18"><span class='ocrx_word' id='word_1_34' title='bbox 133 788 136 795; x_wconf 37' lang='grc' dir='ltr'><em>ι</em></span> <span class='ocrx_word' id='word_1_35' title='bbox 153 746 336 811; x_wconf 82' lang='lat' dir='ltr'><strong>Dissimiles</strong></span> <span class='ocrx_word' id='word_1_36' title='bbox 348 748 482 828; x_wconf 85' lang='lat' dir='ltr'><strong>debent,</strong></span> <span class='ocrx_word' id='word_1_37' title='bbox 500 755 631 826; x_wconf 87' lang='lat' dir='ltr'><strong>tenues,</strong></span> <span class='ocrx_word' id='word_1_38' title='bbox 649 746 690 807; x_wconf 91' lang='lat' dir='ltr'><strong>de</strong></span> <span class='ocrx_word' id='word_1_39' title='bbox 703 764 841 827; x_wconf 89' lang='lat' dir='ltr'><strong>corpore</strong></span> <span class='ocrx_word' id='word_1_40' title='bbox 856 762 987 807; x_wconf 80' lang='lat' dir='ltr'><strong>eorum·</strong></span> 
     </span>
     <span class='ocr_line' id='line_1_6' title="bbox 154 852 957 941; baseline -0.001 -27"><span class='ocrx_word' id='word_1_41' title='bbox 154 857 248 939; x_wconf 75' lang='lat' dir='ltr'><strong>Quae</strong></span> <span class='ocrx_word' id='word_1_42' title='bbox 263 853 321 917; x_wconf 93' lang='lat' dir='ltr'><strong>tibi</strong></span> <span class='ocrx_word' id='word_1_43' title='bbox 339 853 500 941; x_wconf 78' lang='lat' dir='ltr'><strong>posterius</strong></span> <span class='ocrx_word' id='word_1_44' title='bbox 512 855 607 938; x_wconf 84' lang='lat' dir='ltr'><strong>largo</strong></span> <span class='ocrx_word' id='word_1_45' title='bbox 624 871 778 915; x_wconf 84' lang='lat' dir='ltr'><strong>sermone</strong></span> <span class='ocrx_word' id='word_1_46' title='bbox 792 852 957 933; x_wconf 78' lang='lat' dir='ltr'><strong>probabo.</strong></span> 
     </span>
    </p>

    <p class='ocr_par' dir='ltr' id='par_1_3' title="bbox 195 955 1114 1043">
     <span class='ocr_line' id='line_1_7' title="bbox 195 955 1114 1043; baseline -0.001 -21"><span class='ocrx_word' id='word_1_47' title='bbox 195 957 313 1023; x_wconf 84' lang='lat' dir='ltr'><strong>Dicere</strong></span> <span class='ocrx_word' id='word_1_48' title='bbox 325 978 441 1043; x_wconf 88' lang='lat' dir='ltr'><strong>porro,</strong></span> <span class='ocrx_word' id='word_1_49' title='bbox 457 958 634 1019; x_wconf 88' lang='lat' dir='ltr'><strong>hominum</strong></span> <span class='ocrx_word' id='word_1_50' title='bbox 645 977 743 1042; x_wconf 83' lang='lat' dir='ltr'><strong>causa¹</strong></span> <span class='ocrx_word' id='word_1_51' title='bbox 753 955 897 1020; x_wconf 85' lang='lat' dir='ltr'><strong>voluisse</strong></span> <span class='ocrx_word' id='word_1_52' title='bbox 908 975 1027 1039; x_wconf 77' lang='lat' dir='ltr'><strong>parare</strong></span> <span class='ocrx_word' id='word_1_53' title='bbox 1111 984 1114 993; x_wconf 90' lang='lat'>·</span> 
     </span>
    </p>
   </div>
   <div class='ocr_carea' id='block_1_3' title="bbox 29 1059 1106 1142">
    <p class='ocr_par' dir='ltr' id='par_1_4' title="bbox 29 1059 1106 1142">
     <span class='ocr_line' id='line_1_8' title="bbox 29 1059 1106 1142; baseline -0.003 -18"><span class='ocrx_word' id='word_1_54' title='bbox 29 1120 32 1124; x_wconf 86' lang='lat'>.</span> <span class='ocrx_word' id='word_1_55' title='bbox 154 1061 359 1122; x_wconf 81' lang='lat' dir='ltr'><strong>Praeclaram</strong></span> <span class='ocrx_word' id='word_1_56' title='bbox 375 1059 493 1121; x_wconf 89' lang='lat' dir='ltr'><strong>mundi</strong></span> <span class='ocrx_word' id='word_1_57' title='bbox 506 1068 932 1142; x_wconf 78' lang='lat' dir='ltr'><strong>naturam‚proptereaque</strong></span> <span class='ocrx_word' id='word_1_58' title='bbox 968 1126 974 1139; x_wconf 27' lang='grc' dir='ltr'><strong>Ι,</strong></span> <span class='ocrx_word' id='word_1_59' title='bbox 1095 1088 1106 1112; x_wconf 84' lang='lat'><strong>··</strong></span> 
     </span>
    </p>
   </div>
   <div class='ocr_carea' id='block_1_4' title="bbox 104 1156 1135 3477">
    <p class='ocr_par' dir='ltr' id='par_1_5' title="bbox 104 1156 1135 2840">
     <span class='ocr_line' id='line_1_9' title="bbox 154 1156 898 1247; baseline 0.004 -21"><span class='ocrx_word' id='word_1_60' title='bbox 154 1163 363 1232; x_wconf 76' lang='lat' dir='ltr'><strong>Allaudabile</strong></span> <span class='ocrx_word' id='word_1_61' title='bbox 378 1184 462 1247; x_wconf 91' lang='lat' dir='ltr'><strong>opus</strong></span> <span class='ocrx_word' id='word_1_62' title='bbox 477 1164 600 1230; x_wconf 88' lang='lat' dir='ltr'><strong>Divom</strong></span> <span class='ocrx_word' id='word_1_63' title='bbox 614 1156 753 1231; x_wconf 86' lang='lat' dir='ltr'><strong>laudare</strong></span> <span class='ocrx_word' id='word_1_64' title='bbox 765 1168 898 1247; x_wconf 84' lang='lat' dir='ltr'><strong>decere,</strong></span> 
     </span>
     <span class='ocr_line' id='line_1_10' title="bbox 153 1271 1030 1355; baseline 0.003 -21"><span class='ocrx_word' id='word_1_65' title='bbox 153 1273 400 1354; x_wconf 77' lang='lat' dir='ltr'><strong>Aeternumque</strong></span> <span class='ocrx_word' id='word_1_66' title='bbox 413 1283 643 1355; x_wconf 72' lang='lat' dir='ltr'><strong>putarentque</strong></span> <span class='ocrx_word' id='word_1_67' title='bbox 657 1272 846 1337; x_wconf 70' lang='lat' dir='ltr'><strong>immortale</strong></span> <span class='ocrx_word' id='word_1_68' title='bbox 861 1271 1030 1353; x_wconf 78' lang='lat' dir='ltr'><strong>futurum,</strong></span> 
     </span>
     <span class='ocr_line' id='line_1_11' title="bbox 153 1379 946 1462; baseline 0.003 -20"><span class='ocrx_word' id='word_1_69' title='bbox 153 1381 221 1442; x_wconf 83' lang='lat' dir='ltr'><strong>Nec</strong></span> <span class='ocrx_word' id='word_1_70' title='bbox 236 1379 284 1442; x_wconf 83' lang='lat' dir='ltr'><strong>fas</strong></span> <span class='ocrx_word' id='word_1_71' title='bbox 294 1400 379 1462; x_wconf 85' lang='lat' dir='ltr'><strong>esse,</strong></span> <span class='ocrx_word' id='word_1_72' title='bbox 394 1379 503 1445; x_wconf 77' lang='lat' dir='ltr'><strong>Derim</strong></span> <span class='ocrx_word' id='word_1_73' title='bbox 517 1383 608 1462; x_wconf 91' lang='lat' dir='ltr'><strong>quod</strong></span> <span class='ocrx_word' id='word_1_74' title='bbox 622 1381 665 1445; x_wconf 89' lang='lat' dir='ltr'><strong>sit</strong></span> <span class='ocrx_word' id='word_1_75' title='bbox 676 1382 804 1445; x_wconf 83' lang='lat' dir='ltr'><strong>ratione</strong></span> <span class='ocrx_word' id='word_1_76' title='bbox 817 1389 946 1445; x_wconf 79' lang='lat' dir='ltr'><strong>vetusta</strong></span> 
     </span>
     <span class='ocr_line' id='line_1_12' title="bbox 154 1486 1110 1573; baseline 0.004 -20"><span class='ocrx_word' id='word_1_77' title='bbox 154 1486 316 1561; x_wconf 80' lang='lat' dir='ltr'><strong>Gentibus</strong></span> <span class='ocrx_word' id='word_1_78' title='bbox 325 1489 482 1553; x_wconf 82' lang='lat' dir='ltr'><strong>humanis</strong></span> <span class='ocrx_word' id='word_1_79' title='bbox 494 1489 669 1555; x_wconf 81' lang='lat' dir='ltr'><strong>fundatum</strong></span> <span class='ocrx_word' id='word_1_80' title='bbox 682 1499 844 1572; x_wconf 85' lang='lat' dir='ltr'><strong>perpetuo</strong></span> <span class='ocrx_word' id='word_1_81' title='bbox 856 1494 979 1573; x_wconf 54' lang='lat' dir='ltr'><strong>acum.</strong></span> <span class='ocrx_word' id='word_1_82' title='bbox 1036 1498 1040 1511; x_wconf 88' lang='lat'>&#39;</span> <span class='ocrx_word' id='word_1_83' title='bbox 1103 1516 1110 1535; x_wconf 92' lang='lat'><strong>·</strong></span> 
     </span>
     <span class='ocr_line' id='line_1_13' title="bbox 154 1591 1135 1677; baseline 0.006 -23"><span class='ocrx_word' id='word_1_84' title='bbox 154 1591 343 1657; x_wconf 87' lang='lat' dir='ltr'><strong>Sollicitare</strong></span> <span class='ocrx_word' id='word_1_85' title='bbox 351 1592 420 1677; x_wconf 82' lang='lat' dir='ltr'><strong>suis¹</strong></span> <span class='ocrx_word' id='word_1_86' title='bbox 429 1595 500 1657; x_wconf 83' lang='lat' dir='ltr'><strong>ulla</strong></span> <span class='ocrx_word' id='word_1_87' title='bbox 510 1592 544 1657; x_wconf 84' lang='lat' dir='ltr'><strong>vi</strong></span> <span class='ocrx_word' id='word_1_88' title='bbox 557 1593 740 1657; x_wconf 81' lang='lat' dir='ltr'><strong>exsedihus</strong></span> <span class='ocrx_word' id='word_1_89' title='bbox 751 1613 921 1675; x_wconf 82' lang='lat' dir='ltr'><strong>unquam,</strong></span> <span class='ocrx_word' id='word_1_90' title='bbox 968 1600 971 1605; x_wconf 83' lang='grc'><strong><em>’</em></strong></span> <span class='ocrx_word' id='word_1_91' title='bbox 1095 1596 1111 1641; x_wconf 77' lang='lat'><strong>¹¹·</strong></span> <span class='ocrx_word' id='word_1_92' title='bbox 1130 1642 1135 1651; x_wconf 84' lang='lat'><em>-</em></span> 
     </span>
     <span class='ocr_line' id='line_1_14' title="bbox 104 1697 1117 1779; baseline 0.003 -20"><span class='ocrx_word' id='word_1_93' title='bbox 104 1720 112 1727; x_wconf 66' lang='grc'><strong><em>’</em></strong></span> <span class='ocrx_word' id='word_1_94' title='bbox 153 1699 223 1760; x_wconf 90' lang='lat' dir='ltr'><strong>Nec</strong></span> <span class='ocrx_word' id='word_1_95' title='bbox 234 1699 491 1779; x_wconf 75' lang='lat' dir='ltr'><strong>verbis&#39;vexare,</strong></span> <span class='ocrx_word' id='word_1_96' title='bbox 502 1707 535 1763; x_wconf 91' lang='lat' dir='ltr'><strong>et</strong></span> <span class='ocrx_word' id='word_1_97' title='bbox 549 1700 593 1761; x_wconf 85' lang='lat' dir='ltr'><strong>ab</strong></span> <span class='ocrx_word' id='word_1_98' title='bbox 606 1697 676 1763; x_wconf 90' lang='lat' dir='ltr'><strong>imo</strong></span> <span class='ocrx_word' id='word_1_99' title='bbox 686 1708 837 1763; x_wconf 79' lang='lat' dir='ltr'><strong>evertere</strong></span> <span class='ocrx_word' id='word_1_100' title='bbox 845 1717 998 1775; x_wconf 71' lang='lat' dir='ltr'><strong>summae</strong></span> <span class='ocrx_word' id='word_1_101' title='bbox 1113 1720 1117 1727; x_wconf 92' lang='lat'>·</span> 
     </span>
     <span class='ocr_line' id='line_1_15' title="bbox 155 1803 1113 1893; baseline 0.003 -28"><span class='ocrx_word' id='word_1_102' title='bbox 155 1806 323 1867; x_wconf 90' lang='lat' dir='ltr'><strong>Ceterade</strong></span> <span class='ocrx_word' id='word_1_103' title='bbox 332 1824 455 1890; x_wconf 81' lang='lat' dir='ltr'><strong>genere</strong></span> <span class='ocrx_word' id='word_1_104' title='bbox 465 1807 530 1867; x_wconf 88' lang='lat' dir='ltr'><strong>hoc</strong></span> <span class='ocrx_word' id='word_1_105' title='bbox 539 1803 724 1893; x_wconf 79' lang='lat' dir='ltr'><strong>adtingere,</strong></span> <span class='ocrx_word' id='word_1_106' title='bbox 737 1815 769 1869; x_wconf 92' lang='lat' dir='ltr'><strong>et</strong></span> <span class='ocrx_word' id='word_1_107' title='bbox 780 1809 922 1888; x_wconf 81' lang='lat' dir='ltr'><strong>addere,</strong></span> <span class='ocrx_word' id='word_1_108' title='bbox 932 1803 1086 1885; x_wconf 62' lang='lat' dir='ltr'><strong>Memmi,</strong></span> <span class='ocrx_word' id='word_1_109' title='bbox 1103 1810 1113 1861; x_wconf 81' lang='lat' dir='ltr'><strong>l</strong></span> 
     </span>
     <span class='ocr_line' id='line_1_16' title="bbox 155 1896 1115 1993; baseline 0.006 -24"><span class='ocrx_word' id='word_1_110' title='bbox 155 1906 385 1991; x_wconf 83' lang='lat' dir='ltr'><strong>Desipereest:</strong></span> <span class='ocrx_word' id='word_1_111' title='bbox 402 1910 484 1992; x_wconf 92' lang='lat' dir='ltr'><strong>quid</strong></span> <span class='ocrx_word' id='word_1_112' title='bbox 495 1911 584 1975; x_wconf 88' lang='lat' dir='ltr'><strong>enim</strong></span> <span class='ocrx_word' id='word_1_113' title='bbox 595 1896 838 1977; x_wconf 80' lang='lat' dir='ltr'><strong>immortalibus</strong></span> <span class='ocrx_word' id='word_1_114' title='bbox 847 1922 946 1993; x_wconf 77' lang='lat' dir='ltr'><strong>atque</strong></span> <span class='ocrx_word' id='word_1_115' title='bbox 955 1909 1058 1975; x_wconf 80' lang='lat' dir='ltr'><strong>beatis</strong></span> <span class='ocrx_word' id='word_1_116' title='bbox 1105 1920 1115 1959; x_wconf 80' lang='lat'><strong>&#39;&#39;-</strong></span> 
     </span>
     <span class='ocr_line' id='line_1_17' title="bbox 155 2015 1113 2103; baseline 0 -27"><span class='ocrx_word' id='word_1_117' title='bbox 155 2015 270 2077; x_wconf 87' lang='lat' dir='ltr'><strong>Gratia</strong></span> <span class='ocrx_word' id='word_1_118' title='bbox 280 2023 393 2078; x_wconf 89' lang='lat' dir='ltr'><strong>nostra</strong></span> <span class='ocrx_word' id='word_1_119' title='bbox 406 2026 506 2097; x_wconf 87' lang='lat' dir='ltr'><strong>queat</strong></span> <span class='ocrx_word' id='word_1_120' title='bbox 514 2015 670 2103; x_wconf 81' lang='lat' dir='ltr'><strong>largirier</strong></span> <span class='ocrx_word' id='word_1_121' title='bbox 684 2015 919 2097; x_wconf 82' lang='lat' dir='ltr'><strong>emolumenti,</strong></span> <span class='ocrx_word' id='word_1_122' title='bbox 1057 2015 1113 2092; x_wconf 72' lang='lat'><strong>167:</strong></span> 
     </span>
     <span class='ocr_line' id='line_1_18' title="bbox 154 2125 1060 2214; baseline 0.001 -27"><span class='ocrx_word' id='word_1_123' title='bbox 154 2126 198 2187; x_wconf 88' lang='lat' dir='ltr'><strong>Ut</strong></span> <span class='ocrx_word' id='word_1_124' title='bbox 209 2135 321 2189; x_wconf 85' lang='lat' dir='ltr'><strong>nostra</strong></span> <span class='ocrx_word' id='word_1_125' title='bbox 333 2126 517 2208; x_wconf 88' lang='lat' dir='ltr'><strong>quidquam</strong></span> <span class='ocrx_word' id='word_1_126' title='bbox 534 2146 633 2190; x_wconf 77' lang='lat' dir='ltr'><strong>causa</strong></span> <span class='ocrx_word' id='word_1_127' title='bbox 645 2147 762 2214; x_wconf 79' lang='lat' dir='ltr'><strong>gerere</strong></span> <span class='ocrx_word' id='word_1_128' title='bbox 772 2125 1060 2212; x_wconf 53' lang='lat' dir='ltr'><strong>adgredianturila-</strong></span> 
     </span>
     <span class='ocr_line' id='line_1_19' title="bbox 155 2214 1072 2324; baseline 0.005 -32"><span class='ocrx_word' id='word_1_129' title='bbox 155 2231 286 2314; x_wconf 79' lang='lat' dir='ltr'><strong>Quidve</strong></span> <span class='ocrx_word' id='word_1_130' title='bbox 296 2233 376 2308; x_wconf 82' lang='lat' dir='ltr'><strong>novi</strong></span> <span class='ocrx_word' id='word_1_131' title='bbox 387 2234 496 2316; x_wconf 88' lang='lat' dir='ltr'><strong>potuit</strong></span> <span class='ocrx_word' id='word_1_132' title='bbox 508 2240 601 2299; x_wconf 83' lang='lat' dir='ltr'><strong>tanto</strong></span> <span class='ocrx_word' id='word_1_133' title='bbox 613 2244 687 2324; x_wconf 85' lang='lat' dir='ltr'><strong>post</strong></span> <span class='ocrx_word' id='word_1_134' title='bbox 703 2243 778 2295; x_wconf 91' lang='lat' dir='ltr'><strong>ante</strong></span> <span class='ocrx_word' id='word_1_135' title='bbox 795 2231 925 2312; x_wconf 88' lang='lat' dir='ltr'><strong>quietos</strong></span> <span class='ocrx_word' id='word_1_136' title='bbox 1065 2214 1072 2223; x_wconf 32' lang='lat'>⁵</span> 
     </span>
     <span class='ocr_line' id='line_1_20' title="bbox 155 2332 1114 2421; baseline -0.001 -20"><span class='ocrx_word' id='word_1_137' title='bbox 155 2336 308 2420; x_wconf 58' lang='lat' dir='ltr'><strong>Inlicere3</strong></span> <span class='ocrx_word' id='word_1_138' title='bbox 326 2348 362 2400; x_wconf 93' lang='lat' dir='ltr'><strong>ut</strong></span> <span class='ocrx_word' id='word_1_139' title='bbox 377 2350 535 2421; x_wconf 86' lang='lat' dir='ltr'><strong>cuperent</strong></span> <span class='ocrx_word' id='word_1_140' title='bbox 550 2339 654 2402; x_wconf 80' lang='lat' dir='ltr'><strong>vitam</strong></span> <span class='ocrx_word' id='word_1_141' title='bbox 668 2349 798 2402; x_wconf 83' lang='lat' dir='ltr'><strong>mutare</strong></span> <span class='ocrx_word' id='word_1_142' title='bbox 808 2337 990 2421; x_wconf 50' lang='lat' dir='ltr'><strong>prioreml:</strong></span> <span class='ocrx_word' id='word_1_143' title='bbox 1007 2404 1010 2409; x_wconf 67' lang='grc'>,</span> <span class='ocrx_word' id='word_1_144' title='bbox 1111 2332 1114 2371; x_wconf 73' lang='lat'>³</span> 
     </span>
     <span class='ocr_line' id='line_1_21' title="bbox 155 2442 1066 2527; baseline 0.007 -25"><span class='ocrx_word' id='word_1_145' title='bbox 155 2442 240 2502; x_wconf 87' lang='lat' dir='ltr'><strong>Nam</strong></span> <span class='ocrx_word' id='word_1_146' title='bbox 252 2446 397 2527; x_wconf 84' lang='lat' dir='ltr'><strong>gaudere</strong></span> <span class='ocrx_word' id='word_1_147' title='bbox 407 2445 502 2508; x_wconf 83' lang='lat' dir='ltr'><strong>novis</strong></span> <span class='ocrx_word' id='word_1_148' title='bbox 518 2447 618 2509; x_wconf 86' lang='lat' dir='ltr'><strong>rebus</strong></span> <span class='ocrx_word' id='word_1_149' title='bbox 628 2445 749 2508; x_wconf 85' lang='lat' dir='ltr'><strong>debere</strong></span> <span class='ocrx_word' id='word_1_150' title='bbox 761 2442 911 2527; x_wconf 81' lang='lat' dir='ltr'><strong>videtur,</strong></span> <span class='ocrx_word' id='word_1_151' title='bbox 927 2478 930 2485; x_wconf 96' lang='lat'>·</span> <span class='ocrx_word' id='word_1_152' title='bbox 1061 2506 1066 2515; x_wconf 84' lang='grc'>,</span> 
     </span>
     <span class='ocr_line' id='line_1_22' title="bbox 157 2546 1033 2636; baseline 0.009 -31"><span class='ocrx_word' id='word_1_153' title='bbox 157 2546 248 2626; x_wconf 79' lang='lat' dir='ltr'><strong>Quoi</strong></span> <span class='ocrx_word' id='word_1_154' title='bbox 265 2557 393 2610; x_wconf 82' lang='lat' dir='ltr'><strong>veteres</strong></span> <span class='ocrx_word' id='word_1_155' title='bbox 408 2552 541 2627; x_wconf 80' lang='lat' dir='ltr'><strong>obsun13</strong></span> <span class='ocrx_word' id='word_1_156' title='bbox 558 2553 633 2630; x_wconf 78' lang='lat' dir='ltr'><strong>red,</strong></span> <span class='ocrx_word' id='word_1_157' title='bbox 646 2549 728 2629; x_wconf 89' lang='lat' dir='ltr'><strong>quoi</strong></span> <span class='ocrx_word' id='word_1_158' title='bbox 746 2548 794 2612; x_wconf 90' lang='lat' dir='ltr'><strong>nil</strong></span> <span class='ocrx_word' id='word_1_159' title='bbox 807 2547 1033 2636; x_wconf 65' lang='lat' dir='ltr'><strong>eooldit‘aegri</strong></span> 
     </span>
     <span class='ocr_line' id='line_1_23' title="bbox 156 2649 1097 2738; baseline 0.001 -26"><span class='ocrx_word' id='word_1_160' title='bbox 156 2651 322 2730; x_wconf 91' lang='lat' dir='ltr'><strong>Tempore</strong></span> <span class='ocrx_word' id='word_1_161' title='bbox 333 2649 369 2711; x_wconf 92' lang='lat' dir='ltr'><strong>in</strong></span> <span class='ocrx_word' id='word_1_162' title='bbox 380 2659 547 2733; x_wconf 88' lang='lat' dir='ltr'><strong>anteacto,</strong></span> <span class='ocrx_word' id='word_1_163' title='bbox 558 2672 660 2733; x_wconf 82' lang='lat' dir='ltr'><strong>quom</strong></span> <span class='ocrx_word' id='word_1_164' title='bbox 674 2653 812 2736; x_wconf 90' lang='lat' dir='ltr'><strong>pulchre</strong></span> <span class='ocrx_word' id='word_1_165' title='bbox 827 2655 961 2738; x_wconf 85' lang='lat' dir='ltr'><strong>degeret</strong></span> <span class='ocrx_word' id='word_1_166' title='bbox 971 2669 1097 2729; x_wconf 82' lang='lat' dir='ltr'><strong>aevom,</strong></span> 
     </span>
     <span class='ocr_line' id='line_1_24' title="bbox 157 2756 999 2840; baseline 0.01 -24"><span class='ocrx_word' id='word_1_167' title='bbox 157 2756 247 2840; x_wconf 78' lang='lat' dir='ltr'><strong>Quid</strong></span> <span class='ocrx_word' id='word_1_168' title='bbox 258 2758 365 2839; x_wconf 90' lang='lat' dir='ltr'><strong>potuit</strong></span> <span class='ocrx_word' id='word_1_169' title='bbox 375 2759 531 2823; x_wconf 82' lang='lat' dir='ltr'><strong>novitatis</strong></span> <span class='ocrx_word' id='word_1_170' title='bbox 539 2779 688 2823; x_wconf 81' lang='lat' dir='ltr'><strong>amorem</strong></span> <span class='ocrx_word' id='word_1_171' title='bbox 700 2762 880 2824; x_wconf 84' lang='lat' dir='ltr'><strong>accendere</strong></span> <span class='ocrx_word' id='word_1_172' title='bbox 891 2761 976 2824; x_wconf 68' lang='lat' dir='ltr'><strong>tali?</strong></span> <span class='ocrx_word' id='word_1_173' title='bbox 992 2826 999 2833; x_wconf 71' lang='grc'><strong>,,</strong></span> 
     </span>
    </p>

    <p class='ocr_par' dir='ltr' id='par_1_6' title="bbox 156 2865 1006 3159">
     <span class='ocr_line' id='line_1_25' title="bbox 157 2865 1006 2954; baseline 0.004 -25"><span class='ocrx_word' id='word_1_174' title='bbox 157 2870 226 2944; x_wconf 83' lang='lat' dir='ltr'><strong>An,</strong></span> <span class='ocrx_word' id='word_1_175' title='bbox 239 2867 353 2947; x_wconf 85' lang='lat' dir='ltr'><strong>credo,</strong></span> <span class='ocrx_word' id='word_1_176' title='bbox 363 2867 399 2930; x_wconf 88' lang='lat' dir='ltr'><strong>in</strong></span> <span class='ocrx_word' id='word_1_177' title='bbox 409 2865 552 2931; x_wconf 87' lang='lat' dir='ltr'><strong>tenebris</strong></span> <span class='ocrx_word' id='word_1_178' title='bbox 561 2869 680 2932; x_wconf 76' lang='lat' dir='ltr'><strong>vitaac</strong></span> <span class='ocrx_word' id='word_1_179' title='bbox 694 2888 845 2932; x_wconf 90' lang='lat' dir='ltr'><strong>moerore</strong></span> <span class='ocrx_word' id='word_1_180' title='bbox 857 2869 1006 2954; x_wconf 75' lang='lat' dir='ltr'><strong>iacebat,</strong></span> 
     </span>
     <span class='ocr_line' id='line_1_26' title="bbox 156 2970 949 3060; baseline 0.005 -28"><span class='ocrx_word' id='word_1_181' title='bbox 156 2972 271 3033; x_wconf 92' lang='lat' dir='ltr'><strong>Donec</strong></span> <span class='ocrx_word' id='word_1_182' title='bbox 283 2970 403 3034; x_wconf 88' lang='lat' dir='ltr'><strong>diluxit</strong></span> <span class='ocrx_word' id='word_1_183' title='bbox 412 2972 695 3058; x_wconf 80' lang='lat' dir='ltr'><strong>rerumgenitelis</strong></span> <span class='ocrx_word' id='word_1_184' title='bbox 708 2973 828 3060; x_wconf 76' lang='lat' dir='ltr'><strong>origo?</strong></span> <span class='ocrx_word' id='word_1_185' title='bbox 936 2998 949 3024; x_wconf 89' lang='lat'><strong>-·</strong></span> 
     </span>
     <span class='ocr_line' id='line_1_27' title="bbox 158 3071 930 3159; baseline 0.009 -28"><span class='ocrx_word' id='word_1_186' title='bbox 158 3071 289 3159; x_wconf 79' lang='lat' dir='ltr'><strong>Quidve</strong></span> <span class='ocrx_word' id='word_1_187' title='bbox 300 3074 381 3135; x_wconf 93' lang='lat' dir='ltr'><strong>mali</strong></span> <span class='ocrx_word' id='word_1_188' title='bbox 396 3075 503 3139; x_wconf 83' lang='lat' dir='ltr'><strong>fuerat</strong></span> <span class='ocrx_word' id='word_1_189' title='bbox 514 3076 612 3140; x_wconf 84' lang='lat' dir='ltr'><strong>nobie</strong></span> <span class='ocrx_word' id='word_1_190' title='bbox 626 3098 695 3141; x_wconf 83' lang='lat' dir='ltr'><strong>nou</strong></span> <span class='ocrx_word' id='word_1_191' title='bbox 712 3098 779 3141; x_wconf 75' lang='lat' dir='ltr'><strong>osse</strong></span> <span class='ocrx_word' id='word_1_192' title='bbox 791 3075 930 3141; x_wconf 82' lang='lat' dir='ltr'><strong>creatis?</strong></span> 
     </span>
    </p>

    <p class='ocr_par' dir='ltr' id='par_1_7' title="bbox 158 3178 1008 3262">
     <span class='ocr_line' id='line_1_28' title="bbox 158 3178 1008 3262; baseline 0.004 -21"><span class='ocrx_word' id='word_1_193' title='bbox 158 3180 260 3241; x_wconf 89' lang='lat' dir='ltr'><strong>Natus</strong></span> <span class='ocrx_word' id='word_1_194' title='bbox 273 3178 361 3242; x_wconf 86' lang='lat' dir='ltr'><strong>enirn</strong></span> <span class='ocrx_word' id='word_1_195' title='bbox 372 3181 484 3260; x_wconf 82' lang='lat' dir='ltr'><strong>debet,</strong></span> <span class='ocrx_word' id='word_1_196' title='bbox 495 3180 686 3262; x_wconf 74' lang='lat' dir='ltr'><strong>quicunque</strong></span> <span class='ocrx_word' id='word_1_197' title='bbox 698 3183 1008 3262; x_wconf 69' lang='lat' dir='ltr'><strong>est,velle·mane13e</strong></span> 
     </span>
    </p>

    <p class='ocr_par' dir='ltr' id='par_1_8' title="bbox 156 3285 900 3369">
     <span class='ocr_line' id='line_1_29' title="bbox 156 3285 900 3369; baseline 0.004 -22"><span class='ocrx_word' id='word_1_198' title='bbox 156 3286 197 3348; x_wconf 90' lang='lat' dir='ltr'><strong>In</strong></span> <span class='ocrx_word' id='word_1_199' title='bbox 207 3285 292 3366; x_wconf 85' lang='lat' dir='ltr'><strong>vita,</strong></span> <span class='ocrx_word' id='word_1_200' title='bbox 308 3287 414 3347; x_wconf 86' lang='lat' dir='ltr'><strong>donec</strong></span> <span class='ocrx_word' id='word_1_201' title='bbox 427 3285 583 3347; x_wconf 83' lang='lat' dir='ltr'><strong>retinebit</strong></span> <span class='ocrx_word' id='word_1_202' title='bbox 594 3289 716 3351; x_wconf 77' lang='lat' dir='ltr'><strong>blanda</strong></span> <span class='ocrx_word' id='word_1_203' title='bbox 729 3289 900 3369; x_wconf 74' lang='lat' dir='ltr'><strong>voluptas:</strong></span> 
     </span>
    </p>

    <p class='ocr_par' dir='ltr' id='par_1_9' title="bbox 158 3376 932 3477">
     <span class='ocr_line' id='line_1_30' title="bbox 158 3376 932 3477; baseline 0.004 -24"><span class='ocrx_word' id='word_1_204' title='bbox 158 3392 224 3474; x_wconf 79' lang='lat' dir='ltr'><strong>Qui</strong></span> <span class='ocrx_word' id='word_1_205' title='bbox 240 3392 413 3471; x_wconf 81' lang='lat' dir='ltr'><strong>nunquam</strong></span> <span class='ocrx_word' id='word_1_206' title='bbox 422 3408 504 3451; x_wconf 76' lang='lat' dir='ltr'><strong>veno</strong></span> <span class='ocrx_word' id='word_1_207' title='bbox 513 3376 755 3477; x_wconf 60' lang='lat' dir='ltr'><strong>ritae&#39;gnstavit</strong></span> <span class='ocrx_word' id='word_1_208' title='bbox 766 3411 932 3476; x_wconf 80' lang='lat' dir='ltr'><strong>amorem,</strong></span> 
     </span>
    </p>
   </div>
   <div class='ocr_carea' id='block_1_5' title="bbox 62 3494 1050 3807">
    <p class='ocr_par' dir='ltr' id='par_1_10' title="bbox 62 3494 1050 3807">
     <span class='ocr_line' id='line_1_31' title="bbox 159 3494 1050 3597; baseline 0.009 -41"><span class='ocrx_word' id='word_1_209' title='bbox 159 3496 226 3558; x_wconf 90' lang='lat' dir='ltr'><strong>Nec</strong></span> <span class='ocrx_word' id='word_1_210' title='bbox 237 3494 297 3558; x_wconf 87' lang='lat' dir='ltr'><strong>fuit</strong></span> <span class='ocrx_word' id='word_1_211' title='bbox 310 3494 346 3556; x_wconf 86' lang='lat' dir='ltr'><strong>in</strong></span> <span class='ocrx_word' id='word_1_212' title='bbox 357 3513 513 3576; x_wconf 84' lang='lat' dir='ltr'><strong>numero,</strong></span> <span class='ocrx_word' id='word_1_213' title='bbox 526 3494 712 3577; x_wconf 84' lang='lat' dir='ltr'><strong>quidobest</strong></span> <span class='ocrx_word' id='word_1_214' title='bbox 723 3497 1050 3597; x_wconf 73' lang='lat' dir='ltr'><strong>nqnessecreatumi</strong></span> 
     </span>
     <span class='ocr_line' id='line_1_32' title="bbox 62 3588 971 3696; baseline 0.007 -36"><span class='ocrx_word' id='word_1_215' title='bbox 62 3588 69 3605; x_wconf 84' lang='lat'><em>&#39;</em></span> <span class='ocrx_word' id='word_1_216' title='bbox 165 3602 181 3696; x_wconf 19' lang='grc' dir='ltr'><strong>ι’</strong></span> <span class='ocrx_word' id='word_1_217' title='bbox 201 3601 396 3695; x_wconf 82' lang='lat' dir='ltr'><strong>Exemplum</strong></span> <span class='ocrx_word' id='word_1_218' title='bbox 411 3621 514 3687; x_wconf 89' lang='lat' dir='ltr'><strong>porro</strong></span> <span class='ocrx_word' id='word_1_219' title='bbox 528 3600 709 3689; x_wconf 83' lang='lat' dir='ltr'><strong>gignundis</strong></span> <span class='ocrx_word' id='word_1_220' title='bbox 723 3604 836 3683; x_wconf 86' lang='lat' dir='ltr'><strong>rebus,</strong></span> <span class='ocrx_word' id='word_1_221' title='bbox 852 3600 971 3686; x_wconf 84' lang='lat' dir='ltr'><strong>etipsa</strong></span> 
     </span>
     <span class='ocr_line' id='line_1_33' title="bbox 160 3699 1034 3807; baseline 0.009 -39"><span class='ocrx_word' id='word_1_222' title='bbox 160 3705 190 3768; x_wconf 86' lang='lat' dir='ltr'>N</span> <span class='ocrx_word' id='word_1_223' title='bbox 192 3704 299 3771; x_wconf 83' lang='lat' dir='ltr'><strong>otities</strong></span> <span class='ocrx_word' id='word_1_224' title='bbox 310 3709 487 3807; x_wconf 86' lang='lat' dir='ltr'><strong>hominum</strong></span> <span class='ocrx_word' id='word_1_225' title='bbox 499 3699 560 3775; x_wconf 88' lang='lat' dir='ltr'><strong>Dis</strong></span> <span class='ocrx_word' id='word_1_226' title='bbox 573 3711 661 3775; x_wconf 84' lang='lat' dir='ltr'><strong>unde</strong></span> <span class='ocrx_word' id='word_1_227' title='bbox 671 3709 1006 3796; x_wconf 79' lang='lat' dir='ltr'><strong>cst-insitapn&#39;mum,</strong></span> <span class='ocrx_word' id='word_1_228' title='bbox 1016 3737 1034 3787; x_wconf 59' lang='lat'><strong>‚¹</strong></span> 
     </span>
    </p>
   </div>
   <div class='ocr_carea' id='block_1_6' title="bbox 0 0 1286 4726">
    <p class='ocr_par' dir='ltr' id='par_1_11' title="bbox 0 0 1286 4726">
     <span class='ocr_line' id='line_1_34' title="bbox 0 0 1286 4726; baseline 0 0"><span class='ocrx_word' id='word_1_229' title='bbox 0 0 1286 4726; x_wconf 95' lang='lat' dir='ltr'><strong> </strong></span> 
     </span>
    </p>
   </div>
  </div>
 </body>
</html>
