2550 4726
166 356 224 421 ιρι
355 336 639 401 naamon
665 338 882 400 uerunt
919 310 923 317 ’
959 361 992 402 v.
1015 355 1078 423 911.

161 485 228 547 Aut
238 479 408 545 hominem
422 466 514 544 tanto
523 483 748 545 membrorum
760 503 828 546 esse
839 482 965 565 impete
975 497 1096 572 natum,

161 591 266 653 Trans
279 586 384 653 maria
395 590 463 651 alta
475 589 598 670 pedum
610 586 707 650 nixus
718 596 754 648 ut
766 589 914 669 pandere
924 599 1047 673 posset,

160 695 201 755 Et
212 694 365 759 manibus
378 703 483 757 totum
495 691 621 755 circum
631 713 665 756 se
678 705 808 757 vortere
824 697 968 761 coelum·

160 800 260 880 Nam,
273 800 365 879 quod
374 798 478 860 multa
489 797 582 860 fuere
591 798 627 860 in
641 799 735 861 terris
747 800 997 863 seminarerum
1003 847 1016 887 ‚

160 905 324 986 Tempore
337 920 404 985 quo
419 903 567 986 primum
580 906 677 968 tellus
691 903 849 967 animalia
864 906 970 986 fudit;

159 1006 214 1069 Nil
229 1017 337 1071 tamen
349 1006 509 1092 estsigni,
522 1010 641 1071 mixtae
659 1008 805 1092 potuisse
823 1008 930 1071 creari

158 1112 291 1174 Interse
301 1114 459 1195 pecudes,
469 1126 705 1197 compactaque
716 1116 865 1178 membra
874 1114 1089 1179 animantum:

158 1214 336 1299 Propterea
344 1216 439 1298 quia,
448 1238 533 1298 quac
542 1221 584 1281 de
598 1218 691 1283 terris
703 1239 792 1283 nunc
802 1237 936 1298 quoque
946 1221 1101 1285 abundant

157 1324 347 1387 Herbarum
357 1345 495 1410 genera,
505 1347 544 1391 ac
555 1327 683 1412 fruges,
694 1328 892 1406 arbustaque
903 1327 1008 1412 laeta,

134 1497 138 1507 ,
157 1427 233 1489 Non
248 1438 357 1493 tamen
368 1429 456 1493 inter
464 1449 499 1494 sc
509 1440 646 1513 poenuut
658 1432 833 1512 complexa
843 1431 961 1496 creari.

156 1532 240 1613 Sed,
252 1531 281 1597 si
294 1553 446 1615 quaeque
454 1553 515 1597 cuo
534 1533 598 1598 ritu
612 1535 774 1617 procedit,
791 1546 824 1599 et
834 1554 969 1619 omnes,

157 1638 303 1700 Foedere
314 1649 451 1703 naturae
467 1651 569 1722 certo,
585 1638 777 1703 discrimina
792 1640 937 1703 servant.
1010 1676 1013 1681 ·

197 1745 239 1804 Et
251 1765 357 1828 genus
371 1747 556 1805 humanum
570 1720 677 1805 m⁰ult0
694 1743 755 1806 tuit
769 1742 856 1807 illud
871 1744 909 1806 in
926 1741 1015 1808 arvis

155 1847 295 1928 Durius,
309 1858 349 1911 ut
362 1847 485 1929 decuit,
500 1849 596 1911 tellus
609 1849 700 1928 quod
717 1850 802 1909 dura
816 1856 987 1926 creauere

154 1953 196 2014 Et
208 1940 391 2017 maioribus
403 1959 435 2013 et
444 1948 559 2014 solidis
567 1949 674 2036 magis
685 1951 812 2014 omibus
821 1950 913 2013 intus

155 2057 357 2139 Fundatum,
368 2053 486 2118 validis
503 2062 617 2137 aptum
630 2073 692 2137 por
708 2053 833 2119 viscera
848 2053 978 2134 nervis3
1050 2051 1097 2137 926

155 2164 223 2224 Nec
232 2161 383 2251 facileque
396 2170 502 2240 aestu,
519 2180 582 2223 neo
596 2158 736 2247 frigore,
751 2163 843 2241 quod
855 2170 1040 2245 caperetur,
1120 2192 1123 2201 ·

155 2273 223 2334 Nec
237 2269 381 2333 novitate
395 2267 480 2349 cibi,
497 2288 558 2330 nec
571 2265 640 2329 labi
656 2267 803 2350 corporis
816 2270 895 2331 ulla.

121 2386 126 2395 ·
196 2378 368 2457 Multaque
379 2395 441 2458 per
456 2375 585 2436 coelum
598 2372 677 2437 solis
694 2374 862 2437 volveniia
873 2376 980 2441 lustra

155 2480 458 2566 Volgivagouitam
470 2481 652 2542 tractabant
671 2499 764 2543 more
783 2480 940 2544 ferarum.

154 2589 223 2648 Nec
232 2587 385 2647 robustus
400 2594 470 2647 erat
486 2582 580 2646 curvi
590 2585 779 2649 moderator
793 2585 894 2649 aratri

156 2684 359 2771 Quisquam,
375 2706 437 2747 nec
451 2684 556 2747 scibat
573 2685 661 2746 ferro
678 2687 828 2751 molirier
841 2705 938 2765 arva3

153 2797 222 2857 Nec
237 2812 324 2856 nova
336 2792 491 2857 defodere
506 2789 542 2853 in
560 2800 682 2853 terram
694 2790 852 2879 virgulta,
866 2801 975 2875 neque
988 2791 1060 2857 altis

154 2898 337 2967 Arboribus
349 2906 474 2959 veteres
489 2893 640 2958 decidere
652 2892 785 2959 falcibu’
794 2913 915 2957 ramos.

154 3008 255 3091 Quod
260 3007 311 3069 sol
321 3014 420 3086 atque
429 3002 552 3067 imbres
562 3004 841 3083 dederant,quod
849 3010 934 3066 terra
946 3008 1077 3079 crearat,

153 3111 276 3194 Sponte
286 3127 361 3192 sua,
378 3108 457 3178 satis
465 3106 501 3169 id
509 3109 662 3191 placabat
676 3117 809 3189 pectora
825 3107 970 3169 donum:

155 3216 363 3279 Glandiferas
375 3214 463 3277 iuter
477 3215 635 3275 curabant
651 3228 792 3293 corpora
801 3231 941 3292 quercus

154 3322 369 3398 Plerumque,
386 3327 431 3400 et,
443 3337 529 3398 quae
543 3339 632 3383 nuuc
640 3317 783 3379 hiberno
797 3327 944 3401 tempore
960 3317 1076 3402 cernis,

153 3426 279 3489 Arbuta
292 3421 436 3506 puniceo
450 3419 524 3484 fieri
536 3432 666 3485 matura
681 3423 809 3503 colore,

153 3531 301 3594 Plurima
314 3541 386 3592 tum
401 3530 512 3611 tellus,
527 3527 626 3591 etiam
640 3527 779 3606 maiora,
793 3527 938 3592 ferebat:

154 3640 325 3719 Multaque
332 3648 500 3721 praetcrea
511 3637 640 3701 novitas
655 3650 723 3700 tum
741 3637 859 3701 florida
876 3639 996 3705 muudi

154 3742 280 3804 Pabula
297 3743 369 3806 dira
384 3743 474 3828 tulit,
485 3742 612 3810 miseris
625 3743 821 3808 mortalibus
832 3746 955 3829 ampla.
