2550 4726
10 412 13 431 ι
330 332 534 399 LIBER
572 334 641 400 lv.
681 340 792 401 uta·
831 390 835 397 .
978 361 1034 410 rat

10 438 15 565 i
64 476 194 559 Quove
207 473 308 537 modo
322 473 477 536 dnuacta
489 472 613 538 rediret
625 474 664 539 iu
678 476 774 541 ordia
785 477 914 562 primae

10 606 12 661 3
64 583 169 643 Nunc
176 601 275 668 agere
284 581 442 665 incipiam
453 581 530 665 tibi,
540 585 631 664 quod
640 585 853 651 vehementer
861 590 905 650 ad
912 590 972 655 bas
980 608 1035 657 res

10 674 13 731 ἶ
63 686 215 768 Attinet,
230 707 298 751 esse
308 707 364 770 ea,
378 707 464 768 quae
475 708 587 751 rerum
595 687 771 753 simulacra
780 710 952 773 vocamus,

10 844 13 849 .
66 796 184 878 Quae,
200 813 293 876 quast
284 793 533 878 membranae,
548 811 680 859 summo
689 798 731 859 de
743 817 883 881 corpore
893 820 1006 866 rerum

65 900 255 980 Dereptae,
266 899 406 964 volitant
416 903 504 965 ultro
515 901 664 983 citroque
672 923 734 985 per
747 923 861 967 auras.

67 1004 182 1082 Atque
190 1004 320 1085 eadem,
333 1002 429 1067 nobis
441 1003 655 1090 vigilantibus
667 1006 780 1088 obvia,
798 1006 939 1076 menteis

66 1104 281 1187 unificant,
300 1116 399 1189 atque
413 1107 450 1171 in
466 1107 609 1190 somnis,
624 1129 727 1189 quom
740 1131 839 1194 saepe
853 1111 989 1200 tignum¹

68 1213 271 1276 contuimur
281 1214 398 1295 miras,
411 1215 655 1303 simulacraque
664 1216 740 1281 luce
755 1228 942 1300 carentum,

15 1400 18 1407 Ι
65 1320 171 1401 Quae
178 1338 238 1382 nos
251 1319 424 1402 horrifice,
437 1320 643 1407 languenteis
656 1341 754 1404 saepe
768 1342 888 1406 sopore
901 1368 912 1406 ‚

14 1448 18 1453 ·
63 1425 267 1491 Excierunt:
282 1451 325 1492 ne
342 1431 426 1494 forte
441 1431 569 1497 animas
583 1421 770 1498 Acherunte
785 1455 919 1498 reamm

62 1527 241 1619 Effugere,
256 1545 315 1598 aut
331 1538 465 1601 umbras
476 1536 564 1600 inter
580 1537 675 1601 vivos
691 1537 849 1617 volitare3

61 1637 160 1698 Neve
173 1638 300 1720 aliquid
313 1642 417 1706 nostri
425 1654 499 1725 post
511 1653 653 1707 mortem
667 1662 765 1726 posse
777 1640 941 1725 relinqui,
984 1712 1005 1759 ·

61 1744 183 1827 Quom
198 1765 317 1827 corpus
333 1747 432 1811 simul
449 1758 547 1828 atque
559 1747 665 1810 animi
676 1759 795 1811 natura
807 1756 972 1832 peremta,
1022 1768 1029 1775 ·’

10 1896 13 1901 -
58 1849 105 1912 In
118 1861 180 1911 sua
190 1850 369 1917 discessum
382 1855 545 1918 dederunt
558 1853 741 1936 primordia
754 1873 916 1934 quaeque.

102 1954 193 2016 Dico
206 1954 326 2039 igitur,
342 1978 453 2019 rerum
464 1955 590 2043 effigias
604 1956 797 2036 tenueisque
810 1956 935 2041 figures

60 2056 196 2120 Mittier
206 2058 249 2117 ab
261 2060 378 2138 rebus,
392 2078 522 2121 summo
536 2059 580 2122 de
590 2077 743 2140 corpore,
763 2077 879 2121 corum
991 2074 1030 2138 47

60 2165 163 2248 Quae
176 2162 273 2242 quasi
286 2166 516 2256 membranae,
530 2165 584 2227 vel
597 2175 708 2226 cortex
719 2162 948 2232 nominitande
964 2173 1029 2248 est,

60 2269 168 2354 Quod
180 2288 324 2349 spectem
334 2288 374 2332 ac
383 2268 525 2331 formam
535 2268 680 2335 similem
691 2269 778 2354 gerit
791 2290 861 2333 erus
871 2287 998 2356 imago,
1036 2302 1040 2309 ·

60 2367 328 2456 Quoiuscunque
342 2372 430 2435 cluet
439 2373 487 2434 de
494 2388 633 2455 corpore
649 2371 721 2437 fusa
732 2371 856 2459 vagari.

104 2473 147 2534 Id
161 2472 238 2536 licet
249 2473 329 2538 hinc
344 2473 496 2555 quamvis
506 2474 825 2562 hebeticognoscere
843 2475 960 2539 corde:
1033 2500 1037 2507 ’

60 2579 251 2663 Prmcipio,
268 2580 427 2661 quoniam
439 2580 574 2673 mittunt
585 2581 622 2645 in
638 2583 736 2645 rebus
745 2578 867 2663 aperus

60 2687 214 2767 Corpora
226 2704 278 2748 res
292 2687 431 2767 multae,
442 2685 563 2768 partim
576 2680 830 2768 diffirse'solute,

58 2788 199 2851 Robora
211 2809 269 2850 ceu
280 2789 410 2863 fumum
421 2787 573 2869 mittunt,
590 2767 750 2873 ignesque
760 2805 932 2869 vaporem3

57 2898 104 2960 Et
117 2898 239 2981 partim
258 2907 408 2967 contexta
421 2896 544 2982 magis,
558 2899 807 2976 condensaque,
823 2905 860 2959 ut
874 2894 956 2957 olim

58 3003 176 3085 Quom
190 3010 310 3077 teretes
321 3010 451 3083 ponunt
466 3000 593 3061 tunicas
604 3006 724 3072 aestate
740 2994 892 3077 cicadae,
991 3044 993 3049 ,

57 3112 104 3171 Et
116 3108 212 3173 vituli
226 3129 328 3190 quom
344 3109 553 3173 membranas
565 3108 607 3168 de
619 3123 757 3187 corpore
773 3122 905 3168 summo

55 3219 237 3279 Nascentes
254 3217 408 3295 mittunt,
424 3227 457 3282 et
469 3216 550 3278 item
563 3234 666 3298 quom
678 3214 809 3283 lubrica
826 3224 962 3298 serpeus

52 3317 161 3393 Exuit
175 3316 210 3380 in
226 3318 331 3402 spinis.
345 3327 487 3389 uestem:
502 3338 582 3381 nam
595 3337 693 3401 saepe
710 3317 862 3382 videmus

51 3423 202 3489 Illorum
213 3424 472 3508 spoliisvepreis
489 3406 706 3489 volitantibus
721 3434 844 3488 auctas.
1013 3479 1017 3489 .

51 3528 328 3614 Quae'quoniam
345 3525 447 3608 fiunt,
461 3526 568 3591 tenuis
583 3546 717 3608 «uroque
734 3528 830 3590 debet
845 3523 958 3612 imago
1007 3564 1031 3591 ‚-

50 3633 109 3696 Ab
127 3633 227 3714 rebus
240 3630 344 3712 mitti,
358 3649 489 3695 summo
505 3631 547 3691 de
560 3649 700 3711 corpore
714 3647 836 3690 rerum.
910 3650 911 3654 ¹

48 3742 162 3821 Nam,
182 3757 241 3801 cur
256 3736 319 3807 itta
332 3737 451 3815 cadant
466 3733 587 3821 magis,
603 3736 645 3798 ab
655 3734 819 3815 rebusque
831 3728 1000 3814 recedant,
