2550 4726
417 367 681 430 LIBERI.
721 367 846 436 nard.
1078 385 1114 430 rr

195 513 293 594 Nam,
310 511 433 596 siquid
447 512 586 576 mortale
598 532 616 573 e
628 507 751 572 cunctis
764 506 911 592 partibus
928 514 1028 592 esset,

154 616 202 678 Ex
215 615 320 680 oeulis
334 637 384 681 res
397 637 548 698 quaeque
563 628 698 701 repente
713 627 826 699 erepta
843 612 982 700 periret3

153 723 254 784 Nulla
267 723 302 784 vi
312 723 395 785 foret
412 743 489 785 usus
502 721 610 802 enim,
622 741 706 801 quae
719 719 867 804 partibus
879 719 949 781 eius
983 736 986 741 “
1035 712 1039 721 ’

151 827 339 889 Discidium
355 847 487 911 parere,
503 842 535 889 et
548 816 651 889 nexus
667 827 852 915 exsolvere,
870 830 987 908 posset.

152 936 255 1019 Quod
268 956 373 1016 nunc,
390 943 525 996 aeterno
541 931 619 1014 quia
633 941 781 995 constant
798 932 924 995 semine
935 936 1101 1015 quaeque,

151 1041 271 1102 Donec
288 1037 338 1101 vis
357 1036 455 1118 obiit,
477 1055 561 1117 quae
575 1057 627 1099 res
643 1034 828 1100 diverberet
847 1036 933 1120 ictu,

150 1145 220 1205 Aut
233 1143 323 1204 intus
333 1148 490 1224 :penetret
510 1140 710 1222 permaniat,
728 1141 964 1225 dissolvarque,

140 1246 285 1321 ¹Nullius
302 1245 439 1309 exitium
455 1245 579 1328 patitur
595 1256 711 1308 natura
723 1243 839 1307 videri.

195 1357 383 1433 Praeterea,
397 1371 613 1438 quaecunque
629 1360 788 1414 vetustate
805 1359 937 1413 amovet
953 1360 1057 1436 aeras,

127 1470 130 1475 '
153 1461 189 1524 Si
200 1459 331 1543 penitus
342 1455 475 1541 perimit
487 1474 683 1519 consumens
705 1455 875 1519 matefiem
894 1476 1047 1539 omnem,

154 1569 255 1630 Unde
269 1566 412 1630 animale
429 1585 533 1652 genus
546 1564 727 1651 generatim
741 1564 778 1627 in
792 1565 919 1628 lumina
934 1563 1024 1627 vitae

152 1656 299 1736 Reducit
310 1677 441 1744 Venus;
459 1680 491 1733 et
508 1671 680 1732 reductum
694 1671 831 1732 daedala
845 1672 941 1734 tellus

152 1781 254 1841 Unde
267 1778 342 1859 alit,
360 1789 457 1858 atque
468 1787 578 1862 auget,
600 1774 782 1862 generatim
796 1777 920 1859 pabula
933 1775 1120 1859 praebens?

153 1884 253 1947 Unde
267 1903 372 1978 mare,
387 1879 525 1966 ingenui
538 1880 658 1958 fontes,
680 1889 877 1960 aeternaque
890 1882 992 1967 longe
1057 1907 1059 1910 ·

153 1985 314 2066 flumina
326 1972 558 2066 suppeditant?
578 1984 669 2042 unde
686 1984 798 2044 aether
816 1983 924 2063 sidera
935 1980 1063 2065 pascit?

157 2094 284 2158 Omnia
297 2092 386 2156 enim
401 2093 516 2172 debet,
529 2090 662 2152 mortali
677 2109 812 2172 corpore
825 2078 910 2170 quae
926 2099 1015 2172 sunt,
1066 2087 1128 2153 233'

149 2193 293 2282 'Infinita
306 2205 395 2257 aetas
408 2213 582 2256 consumse
601 2203 676 2255 aute
694 2203 765 2255 acta
783 2193 927 2273 diesque.

157 2299 296 2385 Quodsi
309 2300 346 2363 in
360 2319 399 2362 eo
414 2299 521 2383 spatio
536 2310 634 2379 atque
652 2308 811 2362 anteacta
827 2310 932 2361 aetate
949 2299 1061 2382 fuere,

156 2403 186 2463 E
203 2401 323 2482 quibus
343 2403 425 2465 haec
442 2423 554 2465 rerum
570 2399 715 2466 consistit
733 2424 863 2466 summa
879 2403 1016 2481 refecta3

156 2503 429 2568 Immortalisunt
443 2513 560 2566 natura
575 2505 726 2587 praedita
743 2517 848 2568 certe:

157 2617 259 2679 Haud
269 2615 372 2702 igitur
385 2624 521 2696 possunt
539 2616 582 2683 ad
599 2615 705 2677 nilum
722 2634 872 2699 quaeque
888 2613 1022 2711 revorti.
1049 2597 1051 2601 Α

200 2721 369 2801 Denique,
382 2742 434 2801 res
446 2721 573 2805 omneis
587 2725 702 2785 eadem
716 2723 766 2786 vis
779 2732 947 2805 causaque
955 2724 1056 2808 volgo
1099 2746 1102 2751 ·
1214 2736 1225 2745 “

156 2825 359 2909 Conficeret,
383 2825 446 2889 nisi
457 2824 607 2890 materies
621 2837 754 2890 aeterna
774 2836 898 2890 teneret
925 2888 929 2895 ,

155 2935 250 2997 Inter
261 2955 296 2997 se
307 2954 396 2995 nexu
415 2931 524 2994 minus
541 2942 597 2993 aut
610 2933 714 3018 magis
731 2931 940 3014 indupedita3
960 2915 962 2920 ¹

156 3042 280 3125 Tactus
292 3033 381 3102 enim
397 3037 455 3100 leti
471 3035 548 3101 satis
567 3047 648 3100 esset
666 3055 763 3098 causa
776 3036 945 3118 profect03

157 3141 294 3226 Quippe
303 3140 361 3205 ubi
371 3142 464 3213 nulla
474 3141 584 3202 forent
594 3150 728 3202 aeterno
742 3142 897 3221 corpore3
915 3155 1059 3218 quorum

160 3247 360 3308 Contextum
374 3244 424 3308 vis
436 3247 570 3308 deberet
584 3245 762 3307 dissolvere
781 3264 942 3326 quaeque.

160 3352 204 3414 At
217 3372 322 3434 nune,
342 3350 429 3416 inter
439 3372 474 3416 se
490 3346 568 3433 quia
586 3350 689 3416 nexus
705 3335 946 3436 principiorum

159 3456 342 3522 Dissimiles
356 3466 505 3534 constant
512 3432 546 3540 ,ω
544 3463 741 3538 aeternaque
758 3455 909 3537 materies
930 3463 994 3537 est,

161 3543 329 3627 Incolumi
342 3574 513 3629 remanent
527 3587 579 3628 res
593 3585 745 3649 corpore,
769 3567 849 3626 dum
867 3563 945 3626 satis
958 3562 1040 3629 aen's

162 3671 226 3735 vis·
238 3675 335 3736 obeat
354 3692 416 3757 pro
431 3681 557 3736 textura
571 3672 648 3753 quo'
691 3692 754 3752 que
773 3673 912 3753 reperta.

163 3774 264 3838 Haud
278 3764 382 3862 igitur
395 3776 481 3842 redit
495 3779 538 3840 ad
557 3777 591 3841 n'
665 3797 700 3839 m
714 3796 765 3840 res
779 3775 867 3861 ulla,
886 3776 944 3843 sed
960 3793 1075 3840 omues
