2572 4732
155 347 213 411 na
368 340 649 405 urrunnu
678 314 892 406 narona
949 345 1076 410 ean.

152 490 330 573 Propterea
339 485 452 570 fit,uti
460 485 756 566 videamus,quam
766 491 884 567 procul
901 490 987 555 absit

150 596 218 657 Res
232 613 399 675 quaeque;
414 601 446 654 et
461 600 585 673 quanto
603 592 677 672 plus
693 593 866 667 aiirisante
879 595 1036 684 agitatur,

152 702 193 763 Et
205 707 334 761 nostros
343 697 456 759 oculos
469 704 634 780 perterget
648 695 782 781 longior
793 716 890 781 aura,

115 877 124 894 ο
152 806 236 867 Tam
246 799 555 887 proculessemagis
563 822 616 864 res
626 821 777 883 quaeque
789 815 915 869 remota
924 806 1068 874 videtur.

146 905 283 996 ‚Scilicet
292 907 374 967 haec
385 923 513 966 summe
532 902 631 966 celeri
644 903 773 968 ratione
786 916 961 992 geruntur,

153 1015 262 1098 Quale
272 1011 328 1094 sit,
338 1021 375 1073 ut
384 1010 571 1090 ¹uideamus3
586 1022 619 1074 et
631 1033 715 1093 una,
726 1034 826 1093 quam
839 1020 957 1097 procul
967 1018 1062 1082 absit.

192 1118 327 1181 Illudin
336 1117 389 1180 his
400 1120 498 1180 rebus
511 1118 658 1181 minume
674 1120 827 1184 mirabile
840 1124 1031 1188 habendum
1042 1130 1105 1209 est,

154 1228 250 1309 Quor
262 1242 316 1304 ea,
327 1241 411 1303 quae
425 1222 545 1284 feriant
557 1225 670 1286 oculos
681 1225 871 1309 simulacra,
881 1227 988 1294 videri
1048 1222 1055 1229 ’

152 1330 290 1416 Singula
301 1318 403 1410 quom
417 1340 597 1410 nequeant,
611 1351 663 1392 res
678 1329 768 1412 ipsae
780 1332 1034 1415 perspiciantur.

41 1444 55 1508 ’,
153 1440 281 1503 Ventus
292 1435 381 1499 enim
396 1416 531 1516 quoque
547 1434 722 1517 paullatim
734 1457 835 1518 quom
847 1440 1014 1524 verberat,
1029 1446 1064 1505 et

843 1563 945 1624 quom
969 1528 978 1539 ’

125 1674 133 1683 -
153 1644 238 1708 Acre
248 1643 319 1706 fluit
328 1644 451 1729 frigus,
465 1661 532 1705 non
545 1642 687 1726 primam
703 1664 871 1726 quamque
884 1649 1028 1717 solemus

154 1751 353 1817 Particulam
363 1748 453 1812 venti
466 1748 602 1831 sentire,
611 1761 644 1813 et
657 1750 791 1838 frigoris
803 1752 890 1835 eius,

52 1924 55 1929 ,
153 1861 218 1923 Sed
229 1858 334 1943 magis
348 1876 545 1919 nnvorsum:
557 1856 696 1940 fierique
707 1860 845 1944 perinde
858 1863 1008 1926 videmus

155 1968 302 2046 Corpore
313 1973 382 2026 tum
390 1963 503 2049 plagas
513 1960 550 2024 in
564 1976 690 2046 nostro,
699 1975 856 2046 tanquam
868 1967 999 2048 aliquae
1010 1986 1064 2032 res

154 2075 327 2154 Verberet,
338 2082 435 2154 atque
445 2071 497 2135 sui
508 2074 563 2136 det
572 2094 703 2137 sensum
716 2075 862 2158 corporis
872 2086 974 2139 extra.
1060 2076 1121 2143 26⁵

155 2180 342 2260 Praeterea,
352 2174 495 2260 lapidem
506 2177 612 2264 digito
624 2199 725 2260 quom
739 2176 924 2261 tundimus,
936 2181 1047 2262 ipsum

153 2265 337 2371 Tangimus
348 2295 531 2347 extremum
543 2285 628 2367 saxi,
640 2307 871 2366 summumque
885 2288 1051 2352 colorem:

155 2396 223 2456 Nec
232 2391 390 2455 sentimus
404 2410 479 2454 eum
493 2400 720 2473 taetu,verum
734 2392 840 2479 magis
854 2392 960 2476 ipsam

156 2502 317 2565 Dnritiem
330 2500 462 2584 penitus
475 2502 546 2563 saxi
559 2499 762 2564 sentimusin
775 2504 851 2563 alto.
885 2577 889 2588 .
1124 2582 1128 2591 Ι

179 2639 181 2643 ·
196 2607 290 2666 Nunc
299 2622 378 2686 age,
389 2622 476 2681 quur
488 2605 574 2667 ultra
585 2605 756 2686 speculum
767 2603 919 2666 videatur
929 2602 1059 2692 imago,

156 2708 307 2791 Percipe:
323 2727 401 2768 nam
413 2716 499 2769 certe
509 2706 639 2790 penitus
649 2717 775 2770 remota
786 2707 926 2770 videtur.

93 2874 105 2901 ·
158 2816 257 2901 Quod
267 2832 371 2901 genus
381 2812 454 2894 illa,
465 2813 546 2876 foris
556 2830 640 2895 quae
652 2832 729 2874 vere
740 2811 1013 2896 transpiciuntur,

157 2925 260 2986 Ianua
274 2942 376 3005 quom
388 2942 448 3005 per
457 2942 491 2985 se
506 2928 727 3005 transpectum
739 2923 875 3003 praebet
889 2934 1059 3006 apertum,

158 3031 264 3092 Multa
277 3027 423 3110 facitque
434 3026 515 3092 foris
528 3038 568 3090 en
580 3026 717 3090 aedibus
731 3037 767 3089 ut
777 3026 964 3088 videantur:
1115 3012 1120 3019 ¹

157 3131 189 3195 Is
200 3150 332 3213 quoque
346 3130 434 3195 enim
451 3129 578 3214 duplici
593 3129 792 3216 geminoque
808 3129 844 3192 fit
858 3136 933 3194 a'e‘re
946 3131 1046 3195 visus.

159 3232 288 3296 Primus
303 3231 394 3295 enim
407 3232 489 3294 citra
499 3231 620 3313 postcis
636 3233 847 3295 concernitur
860 3238 932 3296 a'e'r:

157 3338 240 3400 Inde
256 3337 342 3399 fores
359 3335 448 3417 ipsae
462 3336 577 3396 dextra
587 3335 747 3416 laevaque
760 3347 955 3417 sequuntur:

113 3462 120 3477 ·
160 3448 237 3508 Post
251 3439 393 3511 extraria
408 3443 467 3504 lux
482 3442 596 3504 oculos
612 3441 794 3529 pertinget,
813 3453 845 3507 et
857 3449 915 3506 a'er
1033 3424 1037 3431 ’

162 3552 263 3634 Alter,
274 3562 304 3614 ct
315 3550 388 3628 illa,
401 3548 481 3615 foris
494 3569 669 3630 quaerere
682 3549 949 3633 transpiciuntur.

57 3708 61 3714 .
162 3652 300 3737 Sic,1ihi
313 3676 347 3719 se
358 3654 507 3739 primum
516 3655 642 3738 speculi
651 3654 923 3742 proiecitimago,

164 3762 253 3822 Dum
268 3761 361 3826 venit
371 3763 416 3825 ad
429 3743 554 3826 nostras
566 3759 652 3824 acies
659 3805 669 3844 ,
682 3761 835 3844 procudit
846 3756 978 3846 agitque

1113 1322 1156 1349 d
