2572 4732
278 348 482 415 LIBER
520 352 588 420 lv.
628 372 660 417 v.
685 372 771 441 ¹²²9·
939 365 996 448 ¹⁵9

80 494 147 560 Nec
156 494 269 561 divina
279 509 387 563 satum
400 502 578 588 genitalem
589 507 728 573 numina
741 511 921 595 quoiquam

48 595 243 685 Absterrent,
254 615 347 687 pater
357 627 377 668 a
387 607 472 672 natis
484 630 527 672 ne
539 612 690 675 dulcibus
704 635 852 695 unquam

50 702 246 791 tppeuetur,
256 719 288 772 et
301 719 338 773 ut
349 711 453 775 sterili
461 715 592 780 Venere
604 717 715 804 exigat
727 738 859 799 aevom3

16 812 21 823 '
50 809 138 894 Quod
147 817 342 899 plerumque
350 828 479 903 putant,
492 830 525 884 et
534 826 639 886 multo
648 826 807 915 sanguine
818 828 933 892 maesti

48 915 365 1007 Comperguntaras,
375 926 572 1008 adolentque
583 930 697 992 altaria
707 932 803 996 donis
812 977 823 1015 ,

48 1011 86 1080 Ut
92 1022 242 1107 gravidas
253 1026 394 1088 reddant
406 1046 523 1093 uxores
535 1029 659 1093 semine
667 1033 772 1118 largo.

43 1121 267 1217 Nequidquam
285 1139 406 1202 Divom
422 1158 561 1220 numen,
574 1118 767 1222 sorteisque,
779 1141 928 1228 fatigant.

38 1225 119 1299 Nam
133 1241 258 1306 steriles
272 1244 413 1307 nimium
428 1263 535 1308 crasso
544 1254 622 1307 sunt
634 1243 760 1306 semine
774 1246 908 1329 partim,

37 1328 79 1398 Et
92 1342 219 1424 liquido
237 1360 367 1431 praeter
381 1349 519 1431 iustum,
533 1342 689 1429 tenuique
702 1346 857 1411 vicissim.

38 1434 164 1532 Tenue,
178 1451 262 1515 locis
275 1453 352 1533 quia
363 1472 431 1516 non
440 1452 526 1536 potis
538 1464 586 1515 est
598 1451 741 1538 adfigere
750 1453 944 1537 adhaesum,

38 1541 187 1635 liquitur
199 1562 374 1643 extemplo,
387 1570 420 1623 et
430 1572 622 1624 revocatum
638 1559 725 1622 cedit
735 1561 863 1622 abortu.

41 1652 181 1724 crassius
192 1655 248 1724 hic
261 1683 376 1745 porro,
386 1664 547 1745 quoniam
559 1660 742 1726 concretius
754 1680 862 1744 aequo

39 1754 190 1846 Mittitur,
202 1774 339 1830 autnon
356 1778 422 1831 tam
434 1767 564 1852 prolixo
576 1771 729 1852 provolat
743 1767 828 1849 ictu,

40 1865 98 1931 dut
108 1879 281 1953 penetrare
294 1873 384 1936 locos
397 1892 500 1954 aeque
510 1872 640 1953 nequit,
651 1883 708 1935 aut
716 1881 944 1956 penetratum,

29 1971 137 2060 'Aegre
147 1976 344 2040 admiscetur
359 1977 515 2039 muliebri
526 1977 652 2039 semine
661 1996 786 2038 semen.
909 1977 987 2054 1243

39 2080 117 2146 Nam
128 2086 270 2147 multum
281 2084 474 2148 harmoniae
482 2083 620 2150 Veneris
629 2078 764 2146 differre
775 2081 944 2145 videntur:

36 2188 138 2270 Atque
149 2182 235 2256 alias
241 2190 299 2254 alii
310 2190 477 2275 complent
486 2189 607 2276 magis,
621 2210 661 2251 ex
674 2187 813 2270 aliisque

33 2292 220 2377 Suscipiunt
233 2293 319 2357 aliae
332 2294 462 2377 pondus
474 2292 596 2380 magis,
612 2291 714 2374 inque
726 2299 932 2378 gravescunt.

33 2393 71 2456 Et
82 2396 207 2457 multae
222 2395 348 2458 steriles
365 2396 567 2478 Hymenaeis
577 2407 652 2458 ante
669 2396 803 2458 fuerunt

31 2498 199 2580 Pluribus,
217 2510 249 2560 et
261 2510 376 2561 nactae
387 2507 460 2582 post
472 2509 549 2563 sunt
562 2511 688 2582 tamen,
702 2501 791 2561 unde
806 2499 936 2581 puellos

29 2603 217 2685 Suscipere,
237 2612 269 2667 et
284 2613 380 2685 partu
394 2612 527 2686 possent
539 2602 698 2709 ditesqer'e
708 2603 818 2695 dulci,

28 2712 84 2796 Et,
99 2712 218 2793 quibus
234 2724 310 2776 ante
323 2712 416 2775 domi
426 2713 588 2776 fecundae
599 2732 698 2796 saepe
709 2711 898 2792 nequissent

28 2816 154 2880 Uxores
168 2838 303 2901 parere,
319 2817 454 2880 inventa
469 2828 517 2880 est
528 2816 594 2879 illis
606 2836 738 2897 quoque
749 2834 885 2898 comper

27 2921 167 3003 Natura,
183 2932 221 2984 ut
237 2930 369 3003 possent
385 2918 470 2983 natis
488 2917 619 2980 munire
632 2928 806 2981 senectam.

66 3006 178 3103 Usque
192 3025 275 3085 adeo
285 3021 400 3107 magni
411 3020 526 3103 refert,
545 3030 582 3082 ut
599 3020 724 3084 semina
740 3019 864 3105 possint

27 3127 212 3191 Seminibus
225 3125 431 3191 commisceri
446 3123 634 3213 genitaliter
646 3134 738 3206 apta,

27 3233 207 3312 Crassaque
221 3230 418 3295 conveniant
432 3228 583 3310 liquidis,
599 3237 634 3295 et
643 3226 771 3308 liquida
784 3224 913 3308 crassis,

26 3335 134 3413 Atque
148 3333 184 3396 in
196 3354 235 3396 eo
248 3334 365 3416 refert,
382 3352 449 3414 quo
462 3331 549 3394 victu
568 3328 636 3393 vita
649 3330 785 3391 colatur.

25 3443 175 3521 Namque
188 3442 260 3506 aliis
278 3444 374 3505 rebus
387 3450 600 3506 concrescunt
616 3439 743 3502 semina
755 3435 923 3520 membris,
974 3480 977 3487 «

22 3548 132 3628 Atque
147 3545 220 3610 aliis
234 3556 467 3627 extenuantur,
477 3548 669 3625 tabentque,
681 3543 835 3605 vicissim.

21 3651 64 3713 Et
78 3648 198 3731 quibus
209 3649 281 3732 ipsa
291 3648 398 3711 modis
413 3657 567 3710 tractetur
580 3648 702 3709 blanda
716 3648 885 3727 voluptas,

19 3754 64 3816 ld
76 3772 211 3836 quoque
222 3750 396 3840 permagni
407 3751 525 3817 refert:
537 3771 616 3815 nam
625 3768 720 3814 more
726 3748 888 3831 ferarum,
