2550 4726
205 362 263 409 aro
410 342 476 404 DE
503 342 694 442 RERUM
720 341 935 403 NATURA
994 345 1106 404 nalo.
1163 358 1168 427 ,ζ

201 489 241 549 Et
253 483 419 569 liquidum
429 491 554 567 puncto
565 481 644 545 facit
655 501 709 545 aes
722 481 760 544 in
775 490 924 564 tempore
938 488 973 543 et
982 499 1103 545 aarum.

202 596 303 656 Curat
315 593 412 675 item,
425 589 512 653 vasis
523 587 659 675 integris
671 586 749 651 vina
760 598 896 669 repente

201 691 407 782 Diffugient,
425 689 504 771 quia
518 691 678 754 nimirum
692 690 790 753 facile
801 690 915 753 omnia
929 688 1052 753 circum

201 801 377 878 Conlaxat,
391 815 529 876 rareque
543 794 621 858 facit
632 795 826 858 lateramina
839 790 927 878 vad,

199 905 386 982 Adveniens
401 904 492 967 calor
507 904 598 979 eiust
610 913 661 984 ut,
672 903 855 967 insinuatus
865 903 902 965 in
915 900 1042 986 ipsum,
1075 920 1078 927 ·

108 1082 111 1091 ,
199 1009 366 1083 Mobiliter
377 1011 507 1073 solvens
519 1005 631 1073 differt
644 1008 827 1091 primordia
839 1008 927 1071 uinis

199 1117 298 1199 Quod
313 1113 392 1178 solis
409 1133 514 1197 vapor
529 1124 668 1177 aetatem
681 1133 750 1176 non
765 1132 859 1196 posse
873 1113 1007 1179 ridetur

198 1215 350 1301 Efficere,
360 1237 465 1299 usque
474 1217 557 1280 adeo
574 1217 696 1280 cellens
709 1215 840 1278 fervore
855 1235 1012 1280 corusco:

198 1328 305 1390 Tanto
318 1325 475 1389 mobilior
484 1323 535 1388 ris
550 1333 581 1387 et
598 1320 824 1387 dominantior
837 1324 919 1385 hacc
935 1333 993 1392 est.

207 1458 210 1462 ⁴
238 1435 351 1515 Nunc,
364 1452 405 1496 ea
414 1451 482 1513 quo
496 1440 592 1515 pacto
610 1429 804 1516 gignantur,
814 1437 847 1490 et
859 1428 981 1510 impete
997 1437 1082 1491 tauto
1112 1456 1115 1461 ·

84 1612 87 1617 ι
197 1535 309 1618 Fiant,
320 1545 359 1599 ut
367 1537 492 1621 possint
505 1538 573 1598 ictu
588 1533 773 1598 discludere
788 1530 919 1612 turreis,

196 1630 390 1706 Distu‘rbare
404 1636 535 1722 domos,
548 1642 690 1703 avellere
704 1639 797 1723 tigna
815 1637 1015 1719 trabeisque,

195 1749 237 1809 Et
255 1756 469 1810 monumenta
483 1745 594 1808 virdm
609 1743 762 1807 demoliri
777 1752 877 1824 atque
892 1743 992 1826 ciere,

164 1912 169 1921 ,
196 1851 392 1914 Exanimare
405 1850 572 1930 homines,
590 1851 732 1932 pecudes
745 1856 951 1931 prosternere
961 1846 1094 1933 passim3

197 1959 313 2019 Cetera
324 1958 366 2018 de
376 1977 497 2044 genere
508 1960 573 2020 boc
587 1976 655 2037 qua
668 1956 704 2020 vi
715 1956 822 2018 lacere
838 1955 952 2018 omnia
968 1940 1100 2038 possint,
1130 1974 1133 1979 ·

195 2061 389 2144 Erpediam,
402 2074 510 2142 neque
522 2071 554 2124 te
568 2060 604 2123 in
619 2058 788 2144 promissis
799 2061 897 2141 plura
913 2063 1076 2123 morabor.
1087 2056 1131 2134 ati

236 2168 389 2233 Fulmina
405 2168 535 2256 gignier
549 2188 568 2230 e
581 2167 711 2250 crassis,
723 2169 869 2247 alteque,
884 2168 1069 2248 putandum
1078 2173 1117 2230 est

152 2278 155 2307 ³
195 2275 345 2340 Nubibus
360 2275 547 2339 exstructis:
562 2294 641 2338 narn
651 2277 744 2337 coelo
756 2273 848 2335 nulla
860 2292 996 2356 sereno,

195 2385 263 2445 Nec
277 2381 394 2445 leviter
409 2382 517 2447 densis
529 2381 704 2444 mittuntur
721 2376 864 2440 nubibus
878 2399 1038 2459 unquam.

194 2490 279 2549 Nam
297 2488 403 2551 dubio‘
415 2491 532 2570 procul
544 2490 609 2550 hoc
620 2484 694 2548 fieri
705 2483 877 2549 manifesta
890 2485 985 2545 docet
998 2504 1073 2564 res,

194 2589 294 2670 Quod
307 2596 383 2649 tunc
393 2610 454 2670 per
464 2600 569 2650 totum
583 2581 795 2652 concrescunt
804 2593 881 2650 aira
889 2589 995 2649 nubes

194 2689 366 2773 Undique,
377 2689 426 2753 uti
438 2692 588 2754 tenebras
602 2691 727 2755 omneis
739 2695 924 2755 Acherunta
936 2712 1067 2755 reamur

192 2790 353 2873 Liquisse,
368 2803 401 2856 et
409 2814 546 2879 magnas
558 2793 643 2856 coeli
656 2796 835 2875 complesse
844 2814 1017 2858 cavernas:

191 2902 303 2982 Usque
313 2902 411 2981 adeo,
422 2886 522 2964 taetra
534 2901 722 2978 nimborum
733 2912 827 2964 nocte
838 2912 969 2981 coorta,

192 3003 390 3085 Impendent
402 3013 491 3067 atrae
501 3004 699 3068 Formidinis
708 3026 766 3068 ora
779 3027 936 3088 superne,

194 3112 304 3193 Quom
319 3110 504 3173 commoliri
520 3122 690 3194 tempestas
703 3112 843 3177 fulmina
852 3121 991 3195 coeptat.

232 3217 413 3296 Praeterea,
421 3235 577 3300 persaepe
589 3218 683 3304 niger
690 3237 821 3298 quoque
831 3240 892 3302 per
900 3239 994 3283 mare
1004 3217 1131 3295 nimbus,

191 3325 236 3385 Ut
245 3321 328 3405 picis
342 3343 360 3384 e
374 3324 466 3385 coelo
478 3322 654 3387 demissum
665 3327 805 3409 flumen,
816 3325 853 3388 in
867 3329 974 3392 undas

107 3434 113 3449 “·
191 3430 245 3492 Sic
256 3427 356 3510 ondit,
370 3438 401 3492 et
414 3429 518 3493 fertur
529 3431 670 3494 tenebris
679 3434 812 3517 procul,
827 3443 859 3498 et
867 3434 969 3498 trahit
978 3445 1082 3499 atram

190 3535 396 3599 Fulminibus
409 3534 581 3622 gravidam
593 3547 831 3623 tempestatem,
843 3551 941 3622 atque
951 3542 1114 3625 procellss,

190 3643 343 3726 Ignibus,
353 3664 391 3706 ac
401 3642 524 3724 ventis,
539 3626 728 3727 cumprimis
741 3645 811 3728 ipse
822 3649 982 3730 repletus:
1082 3629 1085 3633 ¹

189 3754 229 3816 ln
244 3763 329 3816 terra
340 3775 472 3836 quoque
484 3763 522 3819 ut
530 3757 731 3840 horrescant,
746 3774 785 3820 ac
797 3765 880 3821 tecta
892 3757 1071 3840 requirant.
