2550 4726
324 334 763 399 hluduicus.
982 356 1020 405 at
1103 380 1105 391 ι

62 478 133 540 Nec
141 477 344 559 penetralem
352 476 480 564 ignem3
499 474 619 559 quibus
628 475 742 540 omnia
755 474 984 545 conficiuntur.

62 581 104 642 Et
118 600 185 661 quo
199 599 349 662 quaeque
357 579 461 668 magis
475 580 606 643 cohibet
621 600 673 645 res
687 581 776 644 intus
793 582 908 664 inane,

62 684 148 747 Tam
161 686 264 772 magis
273 685 434 749 his'rebus
447 684 578 768 penitus
588 695 720 749 'tentata
734 687 880 751 labascit.

61 793 168 877 Erg0‚
186 793 351 876 sisolida,
366 815 405 857 ac
422 793 493 858 sine
510 790 618 873 inani,
637 812 775 876 corpora
790 795 899 876 prima
993 871 995 874 Α

65 900 168 982 Sunt,
181 901 227 962 ita
240 901 291 963 uti
303 902 420 983 docui,
433 902 498 965 sint
507 904 589 964 haec
600 909 732 962 aeterna
741 903 870 962 necetse
882 906 940 961 est.

104 1007 291 1086 Praeterea,
310 1005 371 1068 nisi
388 1005 538 1093 meteries
555 1016 687 1068 aeterna
704 1002 834 1085 fuisset,

60 1111 211 1173 Antehac
228 1112 269 1171 ad
280 1108 428 1172 nihilum
434 1109 565 1192 penitus
581 1129 632 1171 res
646 1127 795 1188 quaeque
812 1105 988 1182 redissem

60 1212 292 1293 Denihiloquc
306 1223 420 1276 renata
430 1213 555 1294 forent,
575 1232 791 1293 quaecunque
807 1211 965 1276 videmus.
997 1270 1001 1278 .

60 1320 104 1380 At
120 1318 278 1399 quoniam
289 1339 389 1402 supra
403 1318 518 1401 docui,
533 1318 581 1380 nil
595 1337 690 1401 posse
702 1317 809 1382 creari

59 1422 112 1483 De
121 1421 245 1503 nihilo,
255 1442 379 1506 neque,
396 1425 485 1504 quod
492 1422 714 1510 genitumst,
725 1419 824 1485 adnil
838 1420 1011 1500 revocuri3

58 1528 139 1589 Esse
152 1523 331 1589 immortali
341 1527 522 1610 primordia
540 1546 677 1610 corpore
691 1529 834 1608 debent,
948 1609 952 1615 ‚

58 1630 204 1695 Dissolvi
213 1647 286 1713 'quo
300 1652 450 1715 quaeque
465 1653 619 1717 supremo
636 1645 784 1719 tempore
800 1631 944 1717 possint,
986 1714 991 1722 Ι

58 1736 213 1834 Materies
230 1750 266 1803 ut
281 1740 466 1823 suppeditet
478 1743 577 1804 rebus
597 1741 799 1824 reparandis.

59 1845 144 1907 Sunt
159 1845 264 1931 igitur
274 1849 378 1912 solida
390 1846 572 1929 primordia
585 1847 809 1930 simplicitate,

58 1949 127 2012 Nec
143 1949 272 2013 ratione
287 1963 413 2031 queunt
433 1952 516 2032 alia,
536 1964 661 2015 servata
676 1974 736 2034 per
752 1971 889 2035 aevom,

59 2055 108 2117 Ex
124 2053 260 2127 infinito
280 2055 347 2141 iarn
366 2066 511 2138 tempore
530 2076 581 2118 res
594 2077 756 2139 reparare.
959 2059 1014 2120 551
1076 2117 1080 2126 ,

98 2159 271 2241 Denique,
289 2160 318 2222 si
335 2163 461 2223 nullam
473 2159 572 2223 finem
590 2173 707 2226 natura
724 2172 866 2249 parasset

59 2261 267 2351 Frcngundis
285 2267 400 2348 rebus,
412 2264 480 2327 iam
497 2285 635 2349 corpora
651 2266 800 2330 materiai

59 2369 171 2450 Usque
180 2371 313 2432 redacta
325 2371 452 2454 forent,
470 2392 553 2439 aevo
564 2373 736 2458 frangente
753 2373 880 2456 priore,
896 2364 901 2371 ⁸

59 2473 103 2535 Ut
114 2472 202 2535 nihil
215 2494 256 2535 ex
272 2473 339 2535 illis
352 2485 471 2536 aperto
487 2483 634 2559 tempore
646 2487 771 2559 posset,

61 2583 264 2664 Conceptum
274 2627 284 2664 ,
296 2603 462 2645 summum
478 2585 592 2649 aetatis
604 2570 794 2675 pervadere
803 2585 922 2664 linem3

59 2691 142 2751 Nam
154 2686 285 2769 quidvis
296 2685 390 2751 citius
404 2687 536 2752 dissolvi
549 2710 643 2774 posse
657 2692 822 2776 videmus,

59 2797 170 2880 Quam
182 2815 293 2858 rursus
308 2794 416 2859 refici:
437 2808 637 2880 quapropter
649 2801 749 2884 longa
769 2800 836 2862 diei

58 2901 194 2966 Infinita
210 2916 297 2968 aetas
309 2907 450 2968 anteacti
470 2906 625 2991 temporis
640 2906 766 2986 omnis,

60 3009 160 3091 Quod
171 2986 325 3096 fregisset⁸
335 3011 458 3091 adhuc,
470 3007 934 3097 disturbansldissolvensque,
1037 3064 1039 3067 ,

60 3114 236 3194 Nunquam
249 3114 285 3177 id
295 3115 424 3196 reliquo
437 3111 583 3197 reparari
596 3122 743 3196 tempore
758 3123 885 3196 posset:

59 3218 100 3293 At
114 3240 205 3281 nunc
222 3219 380 3282 nimirum
391 3219 570 3308 frangundi
584 3219 712 3282 reddita
725 3216 801 3282 finis

62 3325 157 3387 Certa
169 3337 298 3409 manet,
309 3327 468 3409 quoniam
480 3325 571 3390 refici
583 3349 654 3390 rem
668 3347 833 3408 quamque
843 3325 1009 3410 videmus,

62 3425 98 3486 Et
109 3425 311 3492 finitasimul
327 3431 507 3516 generatim
526 3438 675 3512 tempora
687 3432 789 3492 rebus

62 3528 165 3611 Stare,
175 3524 300 3610 quiltlrs
309 3531 433 3615 possint
446 3533 518 3595 aevi
536 3533 725 3618 contingere
737 3535 863 3594 florem.

98 3641 174 3703 Huc
190 3642 332 3723 accedit,
349 3642 399 3703 uti
410 3642 605 3706 solidissima
619 3643 770 3705 materiai

67 3747 208 3831 Corpora
218 3744 494 3834 quomconsta'nt,
507 3752 633 3834 pos‘sint
644 3761 753 3819 tamen
762 3752 874 3817 omnia
886 3747 981 3821 reddi
