2572 4732
173 352 213 433 n
240 284 249 297 ⁸
369 342 437 409 ua
462 340 652 406 nanuu
676 336 891 403 aurunt
946 356 979 404 v.
1004 316 1095 429 ως.

170 493 294 573 unua,
302 508 420 553 mann
430 486 578 550 aarum
587 490 651 546 au
664 481 826 564 nuptura
835 454 1134 571 amentium,

170 604 285 663 Donec
295 590 463 660 aloeoundi
478 606 645 653 summum
661 584 799 671 tetigere
810 604 980 651 eaeumea·
1070 619 1086 629 ··

171 709 254 770 lude
271 700 460 767 minutatim
474 695 574 760 vireis
588 704 621 759 et
631 694 736 758 robur
748 695 901 758 adultum

171 811 318 898 Frangit,
328 819 360 873 et
371 807 409 871 iu
418 813 546 889 partem
558 801 705 887 peiorem
719 799 868 884 liquitur,
879 812 978 868 aetas.

171 916 305 1002 Quippe
321 909 460 993 etenim,
476 916 601 990 quanto
615 914 664 970 est
677 924 729 970 rea
740 906 897 989 amplior,
911 906 1072 997 augmine

799 1014 944 1096 ademto,

170 1133 209 1194 Et
223 1146 290 1210 quo
303 1124 469 1205 latioreat,
482 1122 520 1187 iu
532 1128 667 1186 cunetae
680 1121 828 1204 undique
844 1122 967 1206 partein

169 1239 269 1301 Plura
281 1234 384 1296 modo
394 1227 567 1315 dispergit,
577 1238 609 1291 et
619 1246 640 1288 a
650 1248 685 1291 se
697 1246 837 1310 corpora
848 1226 965 1306 mittit;

169 1347 236 1407 Nec
249 1340 346 1405 facile
361 1339 398 1402 iu
409 1354 510 1401 venua
523 1334 616 1398 cibus
628 1334 736 1399 omnis
749 1333 876 1398 diditur
886 1334 935 1398 eir

169 1448 237 1509 Nee
246 1443 322 1508 satis
332 1452 395 1524 est,
404 1459 466 1524 pro
476 1458 576 1520 quam
590 1439 698 1524 largos
713 1449 877 1502 exaestuat
893 1447 1017 1523 aestua,
1127 1428 1130 1432 ⁵

168 1555 265 1616 Unde
276 1559 398 1633 queant
409 1556 536 1610 tantum
551 1544 695 1608 suboriri
706 1565 746 1607 ae
754 1539 979 1631 suppeditare,

169 1661 358 1746 [Quantum
369 1676 452 1739 opus
461 1663 521 1734 eat,
532 1664 578 1736 et,
589 1656 680 1734 quod
691 1653 769 1717 satia
776 1665 840 1737 est,
851 1666 969 1722 natura
979 1659 1133 1747 novare-J

167 1771 243 1831 Iure
256 1767 357 1854 igitur
367 1771 520 1847 pereunt,
533 1782 635 1843 quoru
648 1761 808 1825 rarefacta
820 1764 959 1829 duundo

119 1866 123 1875 '
167 1874 263 1952 Sunt,
273 1880 306 1932 et
317 1890 419 1951 quom
429 1868 570 1934 externis
580 1871 921 1935 succumbuntornnia
932 1871 1056 1959 plagis:

166 1975 569 2065 Quandoquidemgrandi
580 1975 673 2038 cibus
685 1975 920 2059 aevodenique
932 1976 1028 2061 defit3
1050 1997 1127 2061 ¹¹4²

165 2088 233 2148 Nee
243 2081 417 2147 tuditantia
429 2103 500 2146 reru
512 2092 636 2146 cessant
648 2081 849 2146 extrinsecus
859 2082 965 2146 ullam

166 2190 315 2271 Corpora
327 2183 505 2268 conficere,
515 2194 547 2248 et
556 2182 664 2272 plagis
676 2183 794 2248 infesta
807 2187 954 2249 domare.

206 2291 259 2356 Sic
270 2276 496 2378 igitur'magni
508 2308 640 2370 quoque
650 2287 775 2352 circum
788 2291 921 2355 moenia
930 2296 1058 2373 ruundi¹

163 2395 359 2481 Expugnata
369 2395 496 2456 dabunt
505 2394 631 2473 labem,
642 2390 831 2477 putreisque
844 2394 966 2461 ruinas.

164 2497 288 2560 Omnia
301 2499 397 2560 debet
408 2497 498 2585 eninr
511 2496 604 2560 cibus
613 2494 779 2583 integrare
790 2502 962 2585 novando,

164 2603 204 2662 Et
217 2599 333 2663 fulcire
344 2600 452 2676 cibus;
467 2598 560 2662 cibus
571 2584 685 2661 omnii
696 2607 886 2664 sustentare.

162 2701 410 2782 Nequidquam
423 2698 582 2781 quoniam
593 2719 653 2761 nec
666 2720 771 2763 venae
783 2702 1014 2786 perpetiuntur

24 2864 33 2899 ,
163 2812 263 2896 Quod
276 2808 354 2875 satis
366 2816 740 2892 est,neque,quautum
756 2828 839 2894 opus
854 2818 916 2894 eat,
928 2822 1048 2878 natura
1100 2790 1108 2821 ³

786 2914 959 2981 ministrat.

202 3014 338 3098 Iamque
354 3018 436 3079 adeo
446 3015 550 3079 fracta
561 3023 610 3080 eat
620 3024 721 3099 aetas,
731 3012 891 3100 effetaque
904 3019 1003 3084 tellua

161 3121 226 3187 vix
240 3112 396 3184 animalia
406 3140 509 3208 parva
521 3129 623 3201 creat,
633 3141 718 3202 quae
733 3131 850 3186 cuncta
860 3123 999 3207 creavit,

160 3224 267 3304 Secla,
279 3223 434 3303 deditque
445 3225 590 3286 ferarum
601 3224 748 3310 ingentia
759 3246 897 3309 corpora
910 3239 1018 3311 partu.

159 3328 273 3408 Haud,
283 3326 320 3390 u't
329 3327 467 3410 opinor,
477 3328 568 3391 enim
581 3331 735 3394 mortalia
746 3335 833 3395 secla
844 3354 986 3417 superne
1057 3326 1060 3333 ’

158 3436 267 3499 Aurea
277 3436 319 3498 oe
333 3436 426 3499 coeio
439 3433 569 3500 demisit
581 3436 670 3501 fuuia
684 3438 721 3501 in
738 3458 836 3504 arva:

39 3582 44 3591 .
159 3541 418 3638 Necnrare,nee
431 3540 1053 3632 duetua,plaugentessaxa,erearuut;

159 3642 224 3745 Sed
236 3645 350 3730 genuit
363 3648 459 3712 tellus
474 3649 603 3731 eadem,
614 3671 701 3732 quae
715 3675 805 3719 nune
814 3655 877 3753 alit
891 3678 933 3719 ex
942 3678 990 3742 se,
1117 3702 1119 3706 -

199 3748 369 3816 Praeterea
379 3751 499 3821 nitidas
511 3752 650 3842 frugeis,
661 3756 839 3841 vinetaque
844 3761 931 3824 laeta
