2550 4726
161 285 217 351 raa
367 272 435 344 nn
460 278 647 345 annum
668 277 886 341 urruns
916 256 920 261 '
959 293 992 337 v.
1014 273 1076 339 1⁵2

158 420 284 486 Tactile
301 421 349 486 nil
367 420 462 491 nohis
476 420 566 501 quod
580 379 635 501 sit,
656 384 850 504 contingere
861 416 972 485 debet.
990 442 996 485 :
1018 476 1022 483 ,
1058 454 1061 459 -

158 534 310 620 Tangere
322 529 412 593 enim
421 548 490 591 non
504 525 593 607 quit,
606 525 635 589 si
646 523 737 609 tangi
748 542 816 586 non
829 521 908 585 licet
920 521 1046 607 ipsum,
1105 562 1108 567 ·

153 637 270 718 Quare
280 635 380 698 etiam
390 636 483 698 sedes
495 653 628 715 quoque
640 631 759 695 nostris
769 629 903 694 sedibus
912 649 984 694 ease
1082 680 1086 689 .

137 780 140 786 ι
156 738 340 803 Dissimiles
351 740 486 820 debent,
504 746 636 817 tenues,
652 738 694 798 de
707 755 845 819 corpore
860 753 990 799 eorum·

158 848 252 931 Quae
267 845 325 909 tibi
343 844 504 929 posterius
516 847 611 930 largo
627 862 781 907 sermone
795 843 961 924 probabo.

199 949 317 1014 Dicere
329 970 445 1035 porro,
461 949 638 1012 hominum
649 969 747 1033 causa
757 946 901 1011 voluisse
912 966 1031 1030 parare
1116 976 1120 985 ·
1151 934 1155 945 ’

32 1112 36 1117 .
158 1053 363 1116 Praeclaram
379 1051 497 1113 mundi
510 1061 682 1132 naturam,
693 1059 936 1134 proptereaque

158 1155 368 1224 Allaudabile
381 1175 465 1239 opus
480 1156 604 1222 Divom
618 1148 757 1222 laudare
768 1159 902 1238 decere,

157 1265 404 1346 Aeternumque
417 1275 647 1347 putarentque
661 1264 850 1329 immortale
865 1263 1035 1345 futurum,

157 1373 225 1434 Nec
239 1371 383 1454 fasceae,
398 1371 507 1437 Derim
520 1375 612 1454 quod
626 1372 669 1436 sit
680 1373 808 1437 ratione
821 1380 950 1437 vetusta

158 1478 486 1553 Gentihuahumenis
498 1481 673 1547 fundatum
686 1491 848 1563 perpetuo
859 1486 965 1563 aero,
978 1544 992 1557 „
1040 1488 1045 1503 '
1109 1508 1115 1527 ·

158 1583 744 1668 Sollicitaresuieulleriexsedihus
755 1604 925 1666 unquam,
1107 1586 1115 1609 ''

108 1712 116 1719 ’
157 1691 226 1752 Nec
238 1692 495 1771 verbie'vexare,
506 1699 539 1755 et
553 1692 596 1753 ah
610 1690 680 1755 imo
690 1700 1002 1767 evertereaummer
1040 1742 1043 1747 .
1117 1712 1122 1719 ·

159 1798 327 1859 Ceterade
337 1816 459 1882 genere
469 1798 534 1859 hoc
543 1795 728 1884 adfingere,
741 1808 773 1861 et
784 1799 926 1880 addere,
936 1794 1090 1876 Memmi,
1109 1800 1118 1853 l

159 1898 317 1983 Desipere
327 1913 389 1966 est:
406 1902 488 1984 quid
499 1902 588 1966 enirn
599 1888 842 1969 immortalibus
851 1913 950 1985 atque
959 1901 1062 1967 beatis
1110 1924 1114 1931 ·

159 2007 273 2069 Gratia
285 2015 397 2070 nostra
410 2018 510 2089 queat
518 2006 675 2095 largirier
687 2006 923 2088 emolumenti,
1062 2007 1117 2083 167:

158 2118 203 2179 Ut
213 2127 325 2181 nostra
337 2118 521 2201 quidquam
538 2138 637 2182 ausa
649 2139 766 2206 gerere
776 2116 1068 2204 adgrediuntur&-

159 2222 290 2306 Quidve
300 2224 380 2301 novi
391 2226 500 2308 potuit
512 2234 605 2289 tanto
617 2235 691 2307 post
707 2233 783 2288 ante
799 2223 929 2304 quietos
1069 2206 1074 2211 .

159 2327 313 2411 Inlicere3
331 2340 366 2392 ut
381 2342 539 2413 cuperent
554 2311 658 2394 vitam
672 2341 801 2394 mutare
813 2329 994 2412 priorati-
1006 2393 1014 2401 ,,
1115 2324 1119 2331 ’

159 2434 244 2494 Nam
256 2437 401 2519 gaudere
411 2437 506 2500 noris
522 2439 622 2501 rebus
632 2437 753 2499 debere
766 2433 934 2518 videtur,·
1066 2498 1070 2507 ,

161 2538 252 2618 Quoi
269 2549 397 2602 veteres
412 2544 545 2619 obsun13
562 2545 637 2622 aed,
650 2541 732 2621 quoi
750 2538 933 2611 nilyacctdit
944 2539 1037 2627 aegri

160 2643 326 2722 Tempore
337 2641 373 2703 in
384 2651 551 2725 anteacto,
562 2664 664 2724 quom
678 2646 816 2727 pulchre
831 2647 965 2729 degeret
975 2660 1101 2720 aevom,

161 2747 252 2833 Quid
262 2750 369 2831 potuit
380 2751 534 2816 novitatis
543 2771 692 2815 amorem
704 2754 884 2816 accendere
895 2752 980 2815 teli?
996 2816 1003 2825 ,,

161 2862 230 2936 An,
243 2859 357 2940 credo,
367 2857 556 2948 intenebris
566 2860 684 2924 rita-ae
698 2880 849 2924 moerore
861 2860 1009 2944 iacebat,

160 2964 276 3025 Donec
288 2962 407 3026 diluxit
416 2984 529 3041 rerum
544 2965 699 3050 genitalis
712 2965 832 3052 origo?
940 2988 953 3015 -·

162 3063 294 3151 Quidve
304 3066 386 3127 mali
399 3067 508 3131 fuerat
518 3068 616 3132 nohis
630 3090 699 3133 non
716 3090 783 3133 esse
795 3067 934 3133 creatis?

162 3172 264 3233 Natus
277 3171 365 3234 eninr
376 3173 488 3252 dehet,
499 3172 691 3253 quicunque
702 3185 765 3255 est,
777 3175 1012 3251 vellemauere

160 3278 201 3340 In
211 3278 297 3358 vita,
312 3279 418 3339 donec
431 3277 585 3339 retinebit
598 3281 719 3341 blanda
733 3281 904 3361 voluptas:

162 3384 229 3466 Qui
245 3384 417 3463 nunquam
426 3368 760 3469 vemritaegustavit
770 3403 935 3468 amorem,

163 3488 231 3550 Nec
241 3486 301 3549 luit
314 3486 350 3548 in
361 3505 517 3568 numero,
531 3486 716 3569 quidohest
727 3488 1054 3555 nonmecreatumi

66 3580 73 3599 ‘
183 3596 185 3601 '
205 3593 400 3687 Exemplum
416 3613 518 3679 porro
533 3592 713 3681 gignundis
728 3570 839 3675 reims,
856 3591 974 3677 etipsa

165 3683 303 3763 Notitiae
314 3700 492 3784 hominurn
504 3691 564 3766 Dis
576 3702 666 3766 unde
676 3688 1039 3787 crustuminum„
