2550 4726
136 332 194 395 180
331 330 398 392 DE
427 328 618 391 RERUM
647 328 870 391 NATURA
924 329 1048 390 esar.

132 469 886 555 Equibusunatamensitetlraecquoquecausa
895 474 1081 552 necessecst,

132 586 227 668 Quae
236 588 354 668 vegeat
364 590 491 665 motum
503 576 624 665 signia3
636 578 711 657 sed,
724 594 810 657 quae
823 574 865 639 sit
874 595 1009 658 earum,

131 688 323 772 Praecipere
329 735 339 773 ,
349 689 440 751 haud
451 704 617 769 quaquam
628 694 675 748 est
684 683 885 766 pedetentim
895 703 1032 771 progreq

659 788 790 851 dientis.

170 900 338 979 Terraque
349 905 385 959 ut
395 894 431 958 in
440 894 551 959 media
563 893 682 957 mundi
693 893 828 981 regione
838 891 1000 978 quiescat,

129 1002 332 1065 Evanescere
344 999 535 1084 paullatim,
553 1008 584 1061 et
597 999 801 1080 decrescere,
816 1001 950 1080 pondus

130 1105 308 1182 Convenit3
323 1115 422 1186 atque
434 1103 535 1167 aliam
544 1112 697 1167 naturam
712 1104 825 1166 subter
837 1104 978 1186 habere,
1037 1179 1040 1190 Ι

128 1214 178 1275 Ex
189 1204 326 1277 incunte
338 1227 422 1272 aevo
435 1206 662 1291 coniunctam,
677 1218 775 1289 atque
784 1208 894 1272 uniter
903 1219 1016 1292 aptam

128 1318 281 1385 Partibus
289 1317 387 1381 ae'riia
397 1316 531 1399 mundi,
545 1316 665 1398 quibus
678 1317 776 1381 insita
785 1318 878 1382 vivit.

128 1433 308 1512 Propterea
318 1444 386 1489 non
397 1434 445 1488 est
458 1423 567 1506 oneri,
581 1445 689 1504 neque
703 1424 860 1509 deprimit
872 1443 989 1503 auras3

128 1536 172 1598 Ut
181 1551 241 1598 sua
251 1531 396 1614 quoique
404 1528 536 1593 homini
545 1531 640 1593 nullo
650 1538 725 1594 sunt
732 1531 883 1613 pondere
892 1530 1051 1611 membra,

127 1642 196 1703 Nec
207 1646 360 1721 caputest
371 1634 466 1698 oneri
481 1636 584 1718 collo,
599 1656 660 1698 nec
671 1636 813 1717 denique
824 1645 932 1700 totum

127 1743 283 1825 Corporis
294 1741 329 1802 in
341 1739 481 1822 pedibus
493 1743 625 1822 pondus
633 1740 792 1807 sentimus
806 1742 925 1807 inesse.

127 1849 185 1930 At,
198 1868 414 1930 quaecunque
427 1846 507 1910 toris
520 1846 673 1930 veniunt,
687 1848 895 1931 impostaque
911 1847 1007 1912 nobis

127 1948 278 2017 Pondera
291 1963 384 2036 aunt,
400 1954 537 2015 laedunt
548 1956 713 2036 permulto
726 1974 824 2039 saepe
839 1955 987 2019 minora:
1026 1949 1075 2029 545

127 2058 239 2137 Usque
251 2057 335 2118 adeo
347 2053 462 2142 magni
473 2054 588 2138 refert,
602 2055 683 2136 quid
693 2077 844 2139 quaeque
856 2067 958 2141 queat
969 2076 1031 2122 res.

126 2157 180 2222 Sic
191 2156 293 2243 igitur
301 2157 400 2220 tellus
414 2176 483 2219 non
493 2167 541 2220 est
553 2140 662 2220 aliena
677 2169 813 2242 repente
831 2152 838 2167 '

127 2267 261 2347 Adlata,
279 2263 478 2346 atqueauris
492 2264 627 2328 aliunde
639 2264 767 2331 obieeta
778 2265 917 2346 alienis;

128 2374 192 2437 sed
205 2371 329 2455 pariter
341 2369 451 2453 prima
463 2380 622 2453 concepta
632 2372 674 2434 ab
686 2371 816 2459 origine
830 2372 967 2455 mundi,

128 2481 290 2558 Certaque
301 2496 378 2560 pars
387 2475 477 2553 eius;
491 2476 585 2557 quasi
597 2475 694 2540 nobis
705 2477 854 2539 membra
864 2476 1031 2539 videntur.

168 2584 355 2662 Praeterea,
367 2578 488 2664 grandi
498 2580 622 2642 tonitru
639 2600 810 2663 concussa,
823 2588 962 2662 repente

127 2686 248 2766 Terra,
258 2702 359 2765 snpra
373 2703 407 2745 se
423 2692 616 2765 quaesunt,
634 2685 779 2748 concutit
795 2684 910 2749 omnia
918 2692 1028 2747 motu:

128 2792 229 2877 Quod
240 2790 347 2854 facere
356 2790 446 2851 haud
455 2790 525 2852 ulla
538 2798 646 2873 posset
657 2790 800 2872 ratione,
811 2790 876 2855 nisi
892 2799 976 2855 esset

128 2897 280 2962 Partibus
292 2895 388 2959 aeriis
401 2895 519 2958 mundi
533 2897 691 2977 coeloque
704 2895 869 2974 revincta3

129 3005 214 3066 Nam
233 3001 463 3066 communibus
477 3002 564 3067 inter
576 3024 611 3068 se
627 3003 793 3068 radicibus
806 3005 961 3084 haerent,

128 3112 179 3173 Ex
187 3111 323 3175 ineunte
335 3132 418 3177 aevo
429 3112 619 3195 coniuncta,
631 3122 730 3195 atque
740 3112 850 3176 uniter
864 3120 973 3174 aucta.

168 3217 287 3278 Nonne
297 3214 390 3281 vides
402 3217 519 3300 etiam,
530 3237 630 3297 qnam
641 3237 763 3304 magno
773 3220 920 3301 pondere
928 3214 1027 3278 nohis

129 3320 293 3384 Sustineat
304 3340 423 3403 corpus
440 3316 629 3384 tenuissima
644 3318 694 3382 vis
709 3319 847 3397 animai3

129 3427 321 3508 Propterea,
336 3424 416 3507 quia
427 3424 679 3487 tanrconiuncta
691 3436 789 3505 atque
797 3423 907 3487 uniter
915 3433 994 3509 apta
1005 3421 1072 3492 esti

128 3528 280 3609 Denique
289 3574 298 3610 ,
308 3529 375 3591 iarn
384 3529 467 3591 saltu
477 3520 604 3611 pernici
614 3530 729 3593 tollere
740 3551 859 3615 corpus

128 3634 211 3721 Quis
221 3634 379 3721 polisco,
391 3634 668 3721 nisivisanimae,
681 3659 766 3720 quae
777 3640 925 3702 membra
938 3660 1002 3726 gn·

655 3742 793 3806 bernati'
