2572 4732
208 324 299 384 na.
418 319 692 384 uenenum
720 316 932 382 urruns
998 338 1031 381 v.
1052 320 1124 398 ὅγε

204 463 340 542 Semper
351 459 440 523 enim
450 479 536 523 nova
549 478 584 523 se
593 457 761 522 radiorum
779 457 908 521 lumina
923 457 1089 543 fundunt,

204 563 381 642 Primaque
392 562 596 645 dispereunt,
611 561 704 642 qussi
718 560 755 624 in
769 558 882 647 ignem
894 563 973 626 lene
990 564 1152 630 trahatur.

204 669 381 748 Propterea
397 665 494 728 facile
507 674 539 728 et
553 664 715 748 spoliatur
731 665 859 730 lumine
870 653 977 730 'terrae

205 772 245 836 Et
257 776 402 857 repletur
415 772 493 837 item
500 792 516 854 ‚·
524 770 702 858 nigrasque
716 770 781 836 sibi
791 767 898 837 abluit
907 776 1052 838 umbras.

245 879 274 937 N
276 897 312 940 ee
322 887 433 940 tamen
441 875 497 941 hic
513 877 627 941 oculos
642 877 940 943 felli'coneedimus
956 877 1078 943 hilum.

203 983 305 1064 Nam,
318 1001 517 1064 quocunque
530 983 607 1051 loco
623 982 664 1047 sit
677 985 751 1069 lux,
765 993 864 1066 atque
873 987 1007 1068 umbre,
1025 984 1116 1052 tueri

202 1091 342 1155 Illorum
354 1092 542 1156 estteadem
557 1109 637 1155 vero
649 1090 714 1154 sint
726 1088 872 1172 lumina3
883 1110 1005 1173 neone,

204 1197 412 1276 Umbreque,
426 1213 512 1276 quae
525 1193 589 1256 fuit
603 1191 673 1276 hic,
687 1195 802 1258 eadem
814 1214 896 1257 num
907 1202 1050 1261 “meet
1064 1193 1165 1279 illm

199 1304 256 1364 An
264 1299 374 1384 potius
382 1297 454 1381 fiat,
467 1298 581 1382 paullo
595 1299 687 1380 quod
702 1298 846 1364 diximus
857 1307 952 1382 ante,
1082 1356 1085 1361 .
1168 1356 1171 1361 .

203 1409 278 1470 Hoc
288 1403 392 1468 enimi
407 1405 541 1467 demum
556 1403 641 1467 ratio
654 1401 839 1470 discernere
851 1404 974 1488 debet,x
1048 1401 1065 1432 '

204 1511 272 1573 Nec
288 1514 425 1592 possunt
437 1505 527 1589 oculi
543 1514 698 1569 naturam
707 1524 843 1570 noscere
853 1526 978 1570 rerum.

204 1612 348 1679 Proinde
359 1609 464 1673 animi
474 1607 593 1671 vitium
607 1610 671 1672 hoc
684 1607 790 1680 oculis
803 1606 973 1696 adfingere
985 1607 1070 1673 noli.
1165 1678 1169 1685 ,

245 1717 320 1798 Qua
331 1712 486 1777 vehimur
502 1711 601 1795 nuri,
616 1711 738 1796 lentur,
755 1730 858 1794 quom
870 1723 957 1778 stare
970 1711 1125 1795 videtum

205 1823 298 1906 Quae
307 1828 419 1882 manet
435 1817 472 1880 in
484 1816 639 1898 statione,
652 1836 690 1880 ea
701 1827 831 1900 praeter
841 1817 986 1882 creditur
996 1800 1064 1884 ires
1101 1824 1105 1833 '

204 1926 244 1988 Et
257 1925 373 2010 fugere
386 1925 431 1986 ud
445 1921 586 2006 puppim
603 1924 703 1989 eolles
716 1911 890 2005 campique
899 1923 1074 2009 ridentur,

204 2031 296 2115 Quos
310 2027 439 2116 agimus
452 2037 584 2110 praeter
597 2046 734 2109 nerem,
749 2025 897 2109 velisque
913 2029 1078 2097 volemus.
1105 2036 1172 2117 ³9¹=

245 2137 360 2202 Sidera
376 2155 500 2200 cessare
518 2132 671 2198 aetheriis
684 2130 793 2196 adfixa
808 2131 958 2197 cavernis

205 2250 332 2310 Cuncta
346 2244 517 2322 videntum
531 2238 566 2307 et
577 2243 708 2306 aruduo
722 2249 799 2304 sunt
811 2238 923 2304 omnia
940 2250 1052 2320 motu5

204 2351 484 2440 Quandoquidem
502 2351 621 2436 longos
633 2346 743 2411 obitus
755 2355 869 2413 exorta
881 2345 1048 2431 revisunt,
1136 2411 1138 2416 ,
1162 2342 1165 2347 ’

206 2463 317 2544 Quom
328 2474 501 2542 permensa
512 2471 574 2517 suo
584 2462 660 2517 sunt
674 2452 804 2513 coelum
816 2469 955 2535 corpore
974 2455 1090 2527 claros

206 2564 327 2643 Solque
338 2561 411 2643 pari
420 2559 549 2622 ratione
564 2576 717 2637 munere,
734 2564 767 2618 et
780 2556 878 2637 lune,
891 2555 1024 2644 videtur
1076 2620 1078 2624 ,

205 2673 245 2734 ln
257 2668 413 2744 statione3
432 2676 486 2747 ea,
499 2682 584 2745 quae
597 2661 677 2726 ferri
688 2645 740 2724 res
752 2659 878 2725 iudicet
889 2659 973 2744 ipsa.

247 2775 481 2857 Exstautesque
492 2770 610 2852 procul
622 2765 735 2830 medio
746 2766 789 2828 de
797 2765 929 2852 gurgite
937 2775 1085 2854 montes,
1169 2764 1172 2769 ’

137 2930 141 2938 .
206 2876 370 2942 classibus
380 2876 467 2940 inter
479 2895 563 2959 quoe
575 2874 660 2938 liber
673 2882 762 2957 patet
776 2871 897 2951 exitus3
907 2872 1024 2960 iugens
1093 2859 1096 2863 ’

158 2976 172 3003 '
205 2982 318 3052 Insula
333 2980 516 3046 coniunctis
529 2992 639 3044 tamen
656 3001 697 3049 ex
709 2978 760 3042 his
776 2984 847 3039 una*
860 2976 1003 3041 videtur.

246 3083 499 3167 Atriatvorseri,
512 3093 544 3146 et
559 3080 816 3145 circumcursare
835 3078 1029 3161 columnae,
1070 3159 1072 3165 y

206 3190 317 3270 Usque
327 3192 410 3253 adeo
421 3189 472 3272 fit,
483 3189 532 3254 uti
542 3188 653 3273 pueris
660 3188 853 3269 rideantur,
868 3185 927 3249 uhi
939 3185 1005 3270 ipsi
1023 3232 1027 3237 -

206 3290 382 3355 Desierunt
397 3291 500 3373 vorti,
516 3292 571 3353 vix
583 3300 620 3353 ut
631 3289 699 3352 iam
713 3292 847 3353 credere
858 3289 1004 3374 possint,

206 3400 581 3481 Nonsuprnseseruere
597 3395 711 3458 omnia
726 3406 811 3460 tecto
825 3396 958 3460 minari.
1114 3389 1116 3393 ’

246 3501 384 3581 Iamque
392 3502 532 3562 rubrum
544 3496 691 3563 tremulis
702 3497 802 3562 iubar
813 3499 951 3586 ignibus
959 3490 1088 3588 erigere
1097 3480 1163 3567 alte

207 3603 318 3684 Quom
332 3612 460 3686 coeptet
468 3613 602 3687 natura,
614 3623 780 3687 supraque
793 3606 949 3669 extollere
958 3607 1118 3688 monteis5

207 3707 299 3790 Quos
310 3705 370 3775 tihi
381 3717 453 3772 tum
468 3727 571 3792 supra
583 3704 635 3774 sot
645 3707 786 3773 monteio
801 3692 869 3774 esse
884 3707 1033 3794 ridetur,
