2550 4726
204 382 208 395 ¹
286 369 342 428 114
444 437 446 441 7
493 350 562 411 DE
591 349 780 411 RERUM
810 348 1214 455 ttATUAA<v.9ss.

318 488 459 573 Respice
471 477 567 572 item,
583 490 684 570 quain
698 486 748 550 nil
758 489 800 559 ad
816 507 876 551 nos
889 489 1038 549 anteacta
1049 495 1199 553 vetustas
1235 548 1240 557 ,

277 596 451 681 Temporis
461 593 586 658 aeterni
602 593 718 675 fuerit,
733 613 834 674 quam
851 579 1019 656 nascimur
1031 601 1119 655 ante.

277 706 352 767 Hoc
361 700 462 788 igitur
473 700 643 782 speculum
656 698 752 761 nobis
765 707 884 759 natura
901 695 1007 758 futuri

277 807 450 892 Temporis
465 794 600 888 exponit
608 813 682 896 post
695 813 835 867 mortem
849 802 992 884 denique
1005 811 1168 866 nostram.
1251 817 1254 822 ’

277 918 365 977 Num
379 912 460 995 quid
470 911 519 976 ibi
531 911 691 973 horribile
707 911 866 993 apparet?
879 912 966 970 Num
977 907 1067 971 triste
1079 907 1221 974 videtur

277 1016 490 1102 Quidquam?
500 1018 574 1076 Non
588 1011 682 1075 omui
694 1031 812 1077 somno
823 1009 969 1074 securius
983 1010 1110 1073 exstat?

316 1122 422 1200 Atque
433 1117 623 1191 animarum
633 1115 747 1197 etiam,
763 1133 980 1195 quaecunque
991 1117 1189 1178 Acherunte

301 1236 302 1241 ’
805 1215 972 1298 profundo

274 1321 408 1388 Prodita
421 1328 590 1402 suntesse,
607 1319 643 1382 in
655 1317 722 1381 vita
734 1327 812 1381 suut
822 1316 934 1380 omnia
945 1315 1058 1380 nobis:
1122 1380 1129 1395 ,

244 1478 247 1484 .
273 1432 340 1492 Nec
355 1427 455 1491 miser
469 1426 664 1509 impendens
679 1443 839 1511 magnum
858 1422 950 1486 timet
960 1428 1036 1487 abre
1049 1443 1174 1497 saxum

272 1534 447 1613 Tantalus,
465 1540 503 1595 ut
516 1531 604 1592 tama
616 1538 678 1610 est,
690 1547 778 1590 cassa
792 1526 971 1593 formidine
988 1539 1146 1611 torpens;

272 1635 337 1696 Sed
352 1632 457 1718 magis
471 1632 508 1702 in
527 1631 596 1692 vita
611 1631 734 1694 Divom
749 1640 854 1693 metus
874 1624 1099 1718 urget'inanis
1127 1685 1131 1691 .

271 1736 456 1814 Mortaleis3
469 1715 645 1816 casumque
655 1735 785 1818 timent,
798 1757 897 1818 quem
904 1733 1050 1819 quoique
1060 1736 1148 1801 ierat
1157 1732 1241 1805 fon

309 1840 339 1898 N
340 1858 377 1899 ec
388 1837 513 1919 Tityon
525 1839 675 1900 volucres
690 1836 823 1918 ineunt,
836 1840 1022 1905 Acherunte
1031 1837 1219 1925 iacentem,

270 1943 352 2022 Nec,
364 1941 455 2021 quod
464 1941 526 2003 sub
536 1959 659 2023 magno
670 1949 856 2003 scrutentur
867 1952 1014 2025 pectore,
1029 1940 1224 2027 quidouam

268 2049 464 2129 Perpetuam
477 2056 615 2108 aetatem
629 2057 785 2129 poterunt
794 2045 939 2130 reperire
953 2046 1121 2133 proiect0‚
1173 2075 1237 2135 999

269 2151 463 2236 Quamlibet
478 2148 622 2212 immani·
630 2151 778 2234 proiectu
796 2151 942 2235 corporis
952 2161 1071 2234 exstet,

268 2257 336 2342 Qui
346 2277 415 2320 nou
422 2258 493 2320 sola
504 2277 625 2319 novem
639 2255 791 2339 dispersis
803 2256 918 2343 iugera
930 2257 1089 2322 membris
1124 2258 1140 2345 J

268 2363 444 2444 Obtineat,
455 2365 512 2426 sed
528 2361 587 2443 qui
603 2365 701 2425 terrai
718 2361 815 2424 totius
827 2365 964 2425 orbem:
1074 2408 1079 2439 J

268 2468 342 2527 Nou
357 2469 469 2544 *tamen
486 2478 656 2530 aeternum
668 2467 790 2550 poterit
803 2468 950 2550 perferre
965 2468 1140 2553 dolorem,

265 2574 333 2660 Nec
343 2575 502 2654 praebere
511 2574 622 2634 eibum
633 2573 770 2655 proprio
784 2576 825 2634 de
840 2593 978 2657 corpore
990 2595 1148 2656 semper:
1243 2554 1247 2564 Ι

265 2676 329 2738 Sed
345 2674 462 2756 Tityos
475 2674 570 2736 nobis
580 2673 635 2736 hic
646 2684 709 2756 est,
722 2674 759 2736 iu
773 2695 886 2738 amore
903 2675 1066 2740 iacentem

151 2770 154 2786 ¹
265 2781 373 2864 Quem
385 2781 535 2842 volueres
546 2781 705 2861 lacerant,
717 2789 816 2860 atque
830 2783 1047 2848 exest'anxius
1056 2803 1190 2876 angon

264 2887 328 2946 Aut
340 2884 404 2967 alia
415 2883 530 2980 quavis
547 2883 702 2975 scindunt
717 2885 891 2969 turpcdiue
908 2908 1016 2950 curae.
1037 2959 1040 2963 .

304 2991 463 3075 Sisyphus
472 2991 514 3051 -in
526 2985 592 3054 vita
609 3012 743 3072 quoque
756 2992 851 3056 uobis
864 3004 940 3056 ante
953 2993 1067 3056 oculos
1081 3008 1156 3081 est,

263 3095 332 3183 Qui
343 3107 454 3179 petere
468 3098 624 3178 apopulo
636 3098 749 3160 fasceis
765 3117 942 3178 saevasque
957 3098 1105 3164 secureis
1207 3112 1213 3123 ‘

262 3197 415 3280 imbibit,
431 3208 464 3260 et
475 3218 605 3279 semper
616 3197 722 3262 victus
734 3198 898 3280 tristisque
910 3200 1043 3265 recedit.

262 3305 347 3367 Nam
360 3314 472 3387 petere
482 3303 679 3386 imperium,
695 3307 786 3386 quod
795 3304 895 3370 inane
908 3292 971 3391 est,
991 3330 1055 3374 nec
1068 3312 1175 3382 datur

782 3436 947 3501 unquam,

261 3519 369 3598 Atque
380 3518 417 3581 in
430 3537 470 3582 eo
482 3538 611 3602 semper
625 3517 899 3602 durum'sufferre
912 3525 1061 3595 laborem
1068 3524 1092 3612 ,'

261 3623 335 3685 Hoc
349 3633 396 3686 est
411 3625 551 3686 advorso
568 3622 736 3687 nixantem
748 3628 879 3690 trudere
892 3639 1005 3692 monte

264 3725 400 3805 Saxum3
417 3728 508 3808 quod
518 3737 629 3795 tamer
641 3748 800 3794 asummo
812 3730 880 3794 iam
897 3732 1021 3798 vortice
1033 3754 1171 3805 rursum
