2550 4726
156 373 214 452 ηε
369 369 434 431 ns
462 348 650 429 uenosi
679 365 895 429 narnus
952 380 984 429 e
1007 364 1069 444 405.

152 516 237 578 Inde
248 533 344 576 suum
355 534 416 596 per
428 512 493 576 iter
500 513 660 577 recreavit
674 522 792 575 cuneta
804 515 1013 599 gubernans,
1091 514 1094 519 ’

152 618 297 700 Scilicet,
307 626 348 680 ut'
356 626 480 681 veteres
490 616 628 680 Graium
638 617 786 681 cecinere
795 623 931 705 po'e'tae:

154 721 254 804 Quod
265 721 382 802 proeul
393 738 414 782 a
424 738 503 783 vere
513 720 614 784 niueis
623 732 671 784 est
681 721 810 784 ratione
818 723 1001 804 repulsum.

154 829 244 917 Ignis
259 829 347 893 enirn
357 829 513 912 &sperare
523 841 643 914 potest,
652 831 713 895 uhi
725 831 879 895 materiai

59 934 65 943 '
154 940 204 1001 Ex
217 936 347 1000 infinito
355 936 582 1021 sunt'eorpora
596 938 694 1020 plura
707 947 835 1017 eoorts3

154 1046 237 1109 Inde
251 1048 375 1109 cadunt
386 1045 489 1129 vires,
500 1045 612 1127 alique
624 1046 918 1126 rationerevietae3

154 1154 370 1234 Autpereunt
380 1162 592 1234 res,exustae
601 1152 801 1216 torrentibus
814 1151 915 1216 auris.
986 1156 1002 1177 ³

195 1259 326 1320 Humor
336 1256 415 1319 item
424 1258 594 1338 quondam
603 1255 712 1339 eoepit
722 1274 879 1338 superare
888 1262 1035 1336 coortus,

155 1364 201 1425 Ut
211 1363 301 1426 fama
310 1371 370 1443 est,
383 1361 560 1425 hominum
569 1364 692 1424 multos
702 1361 836 1441 quando
845 1359 959 1423 obruit
969 1357 1065 1424 undis·

155 1468 254 1549 Inde,
265 1466 325 1531 ubi
335 1465 401 1551 ris,
411 1467 524 1547 aliqua
532 1466 661 1530 ratione
674 1484 808 1547 avorsa,
818 1463 968 1549 recessit,

102 1656 104 1663 Ι
156 1575 205 1636 Ex
218 1571 350 1637 infinito
358 1574 464 1637 fuerat
472 1566 690 1655 qflaeeunque
698 1580 826 1654 coorta,

158 1678 381 1742 Constiterant
392 1678 532 1762 imbres,
544 1686 575 1740 et
585 1675 722 1739 flumina
731 1674 800 1738 vim
812 1674 1015 1739 minuerunt.

197 1780 277 1861 Sed,
289 1778 409 1860 quibus
419 1778 478 1842 isse
490 1779 598 1842 modis
611 1778 777 1843 coniectus
789 1779 941 1841 materiai
1001 1816 1005 1821 ·

77 1866 80 1871 ’
157 1880 317 1947 Fundarit
329 1889 450 1944 terram
459 1928 469 1964 ,
479 1891 512 1945 et
522 1883 668 1965 coelum,
681 1883 842 1966 pontique
854 1884 1033 1967 profunda,

158 1986 255 2069 Solis,
266 1987 375 2068 lunai,
385 2009 513 2071 cursus,
525 2009 566 2051 ex
576 1987 694 2052 ordine
704 2007 839 2071 ponam.

92 2170 99 2185 ι
142 2092 147 2103 “
198 2094 283 2154 Nam
293 2100 380 2155 certe
392 2110 502 2173 neque
511 2092 840 2176 eonsilioprimordia
851 2116 967 2159 rerum
1051 2106 1097 2169 tw

159 2198 400 2261 Ordinesesuo
411 2217 563 2277 quaeque
576 2197 686 2284 sagaci
696 2207 808 2261 mente
819 2200 990 2277 locarunt3
1076 2268 1080 2275 ,

158 2305 240 2386 Nee,
250 2321 334 2384 quos
344 2322 494 2394 quaeque
507 2306 625 2366 darent
634 2313 759 2387 motus,
770 2305 930 2392 pepigere
939 2306 1086 2391 protecto:

158 2412 222 2474 Sed
233 2412 311 2493 quia
322 2413 424 2474 multa
438 2410 543 2477 modis
556 2410 667 2473 multis
681 2409 866 2492 primordia
881 2432 1007 2496 rerum,

159 2517 207 2576 Ex
222 2514 352 2579 infinito
365 2516 434 2578 iam
448 2526 596 2599 tempore
611 2514 734 2598 percita
749 2516 876 2601 plagis,

161 2616 432 2696 Ponderibusque
446 2619 513 2679 suis
525 2629 726 2680 consuerunt
740 2619 868 2681 concita
882 2620 979 2702 ferri,

161 2719 439 2801 omnimodisque
449 2720 554 2802 coire,
566 2731 667 2801 atque
680 2721 793 2783 omnia
807 2732 1017 2803 pertentare,

160 2831 385 2913 Quaecunque
399 2825 484 2889 inter
496 2847 531 2889 se
545 2837 676 2908 possent
690 2808 865 2911 congressa
878 2848 1011 2905 creasse

160 2933 338 3013 Propterea
349 2928 400 3011 fit,
413 2927 476 3012 uti,
487 2950 646 3016 magnum
658 2930 792 3013 volgata
802 2949 862 3012 per
871 2949 1009 3013 aevum,

163 3035 369 3122 Omnigenos
383 3045 493 3099 ooetus
513 3046 544 3098 et
557 3046 665 3100 motus
682 3033 903 3117 experiundo,
972 3044 975 3051 '

161 3143 311 3204 Tandem
323 3139 522 3204 conveniant
532 3156 587 3220 ea,
598 3159 700 3222 quae,
716 3148 897 3223 conventa,
907 3146 1042 3224 repente

162 3246 361 3330 Magnarum
374 3264 485 3306 rerum
498 3242 583 3305 fiunt
595 3243 731 3307 exordia
741 3263 854 3326 saepe,

163 3353 292 3432 Termi,
310 3351 424 3432 maris,
437 3360 470 3413 et
483 3351 583 3434 eoeli,
594 3350 790 3439 generisque
799 3351 1021 3417 animantum.

204 3450 270 3522 Hie
279 3480 387 3540 neque
399 3468 469 3519 tum
483 3457 562 3520 solis
574 3466 647 3520 rota
662 3454 768 3536 cerni,
786 3455 913 3521 lumine
927 3458 1038 3545 largo,

164 3560 346 3623 Altivolans
360 3568 503 3643 poterat;
522 3580 584 3622 nee
600 3558 713 3646 magni
725 3559 835 3623 sidera
848 3560 984 3644 mundi,
1038 3608 1041 3615 .

165 3669 348 3749 Neomare,
359 3661 796 3749 neeooelum,needenique
807 3676 910 3750 terra,
922 3672 1056 3748 neser,

168 3773 236 3835 Nee
247 3758 364 3839 similis
373 3773 494 3840 nostris
502 3776 601 3861 rebus
611 3797 665 3841 res
679 3777 748 3839 ulle
764 3774 888 3840 videris
