2550 4726
265 127 321 177 ιω
480 110 544 175 DE
574 108 758 173 RERUM
784 104 992 175 NATURA
1058 126 1092 167 v.
1111 108 1180 182 614.

261 245 441 334 Conderet,
459 252 640 337 praelonga
655 257 822 317 eenexsut
833 266 1093 313 oornuooervus.
1206 258 1233 267 ‘

304 355 457 447 Denique
474 355 646 422 oursuimi
657 373 831 437 nunquam
838 373 932 419 meus
949 338 1200 434 consiliumque

262 454 463 543 Gigniturin
472 457 598 540 capite,
613 456 837 541 autpedibus‚
852 453 1063 531 manibusve3
1077 456 1138 518 sed
1148 454 1265 521 uui-*-

261 565 417 646 Sedibus,
432 584 472 628 ac
487 562 581 628 certis
595 562 804 650 regionibus,
821 559 975 625 omnibus
987 561 1121 635 haerete

260 662 297 727 Si
307 667 376 733 noti
390 672 476 729 uerte
488 667 619 729 loca-ad
634 667 840 730 naseundum
858 662 986 728 reddita
996 660 1147 743 quoique

261 768 361 852 Sunt,
379 780 410 835 et
420 771 479 833 ubi
489 770 651 854 quidquid
666 771 769 858 possit
780 771 900 835 durare
917 778 1081 845 oreatum3

261 876 423 958 Atqueita
432 880 652 961 multimodis,
665 900 728 965 pro
739 880 815 949 totis
829 882 983 962 artubus,
996 897 1082 962 esse,

262 981 489 1047 Membrorum
500 992 536 1048 ut
548 1003 722 1065 nunquam
733 982 862 1048 exsistat
873 991 1106 1065 praeposterus
1119 974 1265 1043 ordo?

263 1083 373 1165 Usque
383 1087 467 1150 adeo
476 1086 625 1171 sequitur
638 1108 691 1153 res
700 1109 788 1165 κως
806 1108 913 1169 neque
925 1088 1059 1151 flemma
1070 1085 1182 1149 oresti

262 1187 471 1255 Fluminibus
484 1191 581 1257 solite
596 1200 662 1273 est,
680 1194 789 1272 neque
800 1193 837 1256 in
846 1189 920 1277 igni
930 1189 1063 1277 gignier
1077 1191 1187 1276 algor.

303 1297 490 1380 Praeterea,
504 1297 533 1362 si
543 1296 740 1362 immortalis
750 1305 868 1361 nature
880 1291 1005 1373 animai
1020 1290 1088 1374 eit,

263 1404 304 1464 Et
317 1404 437 1471 sentire
452 1413 577 1486 potest,
588 1413 750 1469 'secretae
771 1421 909 1485 corpore
926 1412 1059 1478 uostr03

264 1504 439 1589 Quinque,
457 1516 495 1572 ut
507 1506 644 1594 opinor,
661 1504 946 1573 cunimundum
960 1511 1008 1569 est
1018 1502 1173 1573 sensibus

794 1621 942 1677 suetam:

265 1713 332 1777 Neo
343 1713 471 1779 ratione
483 1715 548 1781 alia
561 1728 689 1780 nosmet
704 1739 891 1803 proponere
910 1718 1008 1782 nobis

265 1818 439 1884 Possumus
454 1818 600 1884 infernas
610 1819 736 1884 animas
746 1821 930 1887 Acherunte
943 1837 1076 1904 vagans.
1167 1820 1228 1887 6²8

264 1919 410 1989 Pictones
423 1921 549 2005 itaque,
570 1931 601 1986 et
617 1922 814 2007 scriptorum
831 1917 918 1986 senia
930 1921 1044 2005 priora
1114 1976 1121 1987 .

266 2021 319 2085 Sic
332 2024 459 2093 animas
469 2025 724 2091 introduxerunt
739 2024 888 2092 sensibus
899 2033 1022 2088 auctas
1138 2080 1141 2087 .

265 2125 308 2192 At
322 2149 429 2212 neque
438 2149 585 2218 seussum
600 2130 704 2214 oculi,
722 2130 955 2214 nequeuntes,
973 2150 1035 2195 nec
1045 2150 1168 2197 manus

791 2233 882 2320 issa,

266 2332 456 2415 Essepotest
464 2336 576 2401 anima
582 2356 708 2419 ,neque
716 2335 1001 2422 seorsumlingus,
1011 2353 1120 2417 neque
1127 2355 1230 2403 sures

268 2434 425 2499 Auditum
438 2455 499 2521 per
512 2457 547 2500 se
565 2446 702 2520 possunt
713 2434 851 2518 sentire,
863 2457 971 2518 neque
981 2457 1062 2501 esse.

308 2541 348 2602 Et
358 2539 517 2623 quonism
530 2549 599 2605 toto
608 2538 767 2605 sentimus
782 2560 919 2625 corpore
932 2543 1040 2609 inesse

267 2643 411 2712 Vitalem
427 2667 579 2729 sensum,
597 2655 628 2710 et
642 2655 747 2710 totum
763 2666 833 2713 esse
852 2648 996 2714 animale
1006 2649 1181 2733 videntum

268 2748 303 2812 Si
316 2750 426 2814 subito
442 2750 591 2817 medium
605 2751 703 2817 celeri
717 2752 915 2835 praeciderit
926 2754 994 2820 ictu

268 2854 327 2923 vis
337 2856 466 2940 aliqua,
476 2868 514 2921 ut
523 2877 669 2923 seorsum
679 2870 806 2953 purtem
817 2870 965 2925 seeernat
978 2870 1170 2949 utramque,

267 2964 444 3049 Dispertita
456 2969 574 3052 procul
587 2965 689 3030 dubio
698 2987 832 3051 quoque
844 2969 894 3033 vis
905 2971 1045 3055 animai,
1160 3020 1166 3033 .

259 3060 308 3135 Et
320 3072 451 3137 discissa
464 3072 564 3136 simul
577 3092 652 3163 oum
667 3093 822 3158 corpore,
839 3077 1030 3145 disiicietur.

268 3180 310 3243 At
319 3180 409 3261 quod
418 3176 594 3263 scinditur,
609 3189 641 3259 et
657 3180 777 3262 parteis
797 3181 933 3247 discedit
948 3184 986 3249 in
998 3188 1100 3269 ullu,

269 3284 577 3377 Scilicetjetemam
593 3283 658 3351 sibi
672 3296 823 3353 naturam
834 3289 950 3353 abnuit
963 3311 1041 3355 esse.

309 3378 485 3463 Faldit'eros
500 3403 685 3456 memorant
697 3413 813 3459 numus
822 3389 1152 3465 absciderememhre'
1203 3412 1217 3435 ²

261 3495 371 3591 *saepe
382 3476 605 3584 its'desubitm
620 3501 785 3586 permixta
796 3503 896 3593 coede
911 3504 1083 3586 calentes,
1103 3556 1107 3565 ,
