2550 4726
229 325 289 401 13st
424 326 493 389 DE
518 328 708 393 RERUM
734 329 958 395 NATURA
1021 332 1141 397 utta

200 549 202 552 y
227 468 411 554 Omnibus,
427 471 463 534 in
477 475 603 557 populo
620 473 755 538 missum
768 472 941 556 praeconis
957 474 1001 537 ab
1015 493 1090 539 ore:

224 577 266 641 ln
281 580 401 644 multas
412 578 514 667 igitur
528 603 626 648 vooes
642 605 708 647 vox
723 603 792 648 una
801 590 936 666 repente

218 678 384 771 Diffugit,
400 685 437 749 in
449 687 560 769 privas
577 688 737 770 quoniam
749 708 783 754 se
798 686 917 750 dividit
930 685 1058 769 sumis,

226 787 415 876 obsignans
430 792 570 855 formam
588 792 696 856 verbis
701 838 712 874 ,
729 780 921 875 'clarumque
933 808 1099 865 sonorem.

225 893 284 973 At,
294 912 380 972 quae
392 912 469 977 pars
483 915 604 959 vocum
615 915 688 971 non
700 895 808 959 aureis
821 894 937 960 incidit
950 895 1055 981 ipsas,
1115 972 1117 977 ,

224 996 423 1062 Praeterlata
436 1001 523 1083 perit
537 1002 672 1084 frustra,
687 996 806 1065 diffusa
822 1022 882 1083 per
894 1020 1008 1065 auras:

224 1104 305 1168 Pars
317 1104 429 1169 solidis
441 1105 559 1190 adlisa,
576 1107 661 1190 lapis
676 1107 811 1190 reiecta,
827 1128 981 1172 sonorem

109 1228 112 1233 ·
224 1208 363 1292 Reddit,
378 1219 411 1274 et
422 1199 590 1276 interdum
603 1212 778 1275 frustratur
791 1209 935 1298 imagine
948 1210 1055 1276 verbi.

266 1315 474 1398 Quae,bone
483 1362 493 1397 ,
502 1337 604 1399 quom
613 1316 739 1398 videas,
752 1315 914 1380 rationem
927 1313 1267 1401 reddes-epomis-i

224 1410 309 1484 Tute
324 1421 491 1505 tibiatque
504 1423 595 1506 aliis,
609 1442 677 1504 quo
689 1431 803 1505 pacto,
820 1443 882 1505 per
892 1422 967 1487 loca
978 1422 1070 1504 sola,

224 1530 310 1590 &xa
325 1527 433 1611 parcis
446 1529 568 1593 formas
579 1530 757 1591 verborum
772 1548 812 1590 ex
827 1525 945 1591 ordine
959 1530 1117 1612 reddant,

224 1633 388 1697 Palanteis
401 1636 536 1698 comites
549 1654 651 1714 quom
663 1632 803 1696 monteis
818 1631 904 1695 inter
918 1652 1040 1716 opacos

224 1738 441 1822 Quaerimus,
460 1749 492 1801 et
504 1758 627 1824 magna
638 1741 800 1823 dispersos
811 1758 894 1803 voce
910 1737 1044 1803 ciemus.

223 1846 288 1909 Sex
300 1825 413 1926 etiam,
427 1852 484 1907 aut
494 1853 637 1927 septem,
648 1844 721 1907 loca
737 1844 807 1908 vidi
819 1846 957 1910 reddere
971 1864 1088 1928 voces,

225 1949 448 2030 Unamquom
460 1948 598 2015 iaceres:
617 1949 664 2012 ita
678 1951 779 2014 eolles
795 1948 935 2014 collibus
949 1947 1016 2032 imi
1086 1960 1090 1967 ·

224 2058 336 2126 ‚Verba
344 2059 546 2141 repulsantes
558 2057 720 2121 iterabant
732 2056 820 2120 dicta
838 2055 965 2120 referri.
1121 2056 1175 2119 tn
1224 2076 1266 2105 Α

52 2170 56 2175 ’
177 2248 180 2253 .
264 2166 356 2227 Haec
366 2165 439 2228 lo'ea
449 2164 782 2246 capripedesSatyros
792 2165 1028 2245 Nymphasque
1036 2168 1147 2227 tenete

130 2311 134 2320 ·
194 2326 196 2333 ,
223 2265 383 2331 Finitumi
398 2266 541 2353 fingunt3
565 2277 599 2330 et
612 2269 741 2329 Faunos
757 2285 824 2328 esse
842 2265 1040 2347 loquuntur,

224 2375 377 2457 Quorum
393 2373 568 2459 noctivago
582 2370 720 2454 strepitu
733 2371 880 2450 ludoque
894 2368 1019 2433 iocanti
1079 2388 1083 2393 ·
1177 2376 1197 2384 ““

223 2477 406 2542 Adfirmaut
419 2479 518 2564 volgo
530 2477 688 2541 taciturna
699 2475 827 2541 silentia
837 2475 964 2559 rumpi,
1127 2542 1130 2547 ,

226 2586 497 2664 chordarumque
508 2605 608 2646 sonus
620 2583 705 2665 fieri,
725 2583 1091 2665 dulceisquequerelas‚
1137 2614 1160 2632 ··

223 2687 320 2751 Tibia
332 2707 413 2770 quas
423 2686 548 2768 fundit,
563 2686 676 2772 digitis
691 2689 819 2768 pulsata
834 2695 1029 2749 canentuma·
1100 2720 1103 2725 ·

224 2794 266 2855 Et
280 2812 385 2879 genus
400 2786 580 2876 agricolam
598 2791 664 2852 late
676 2788 865 2870 sentiscere,
882 2808 987 2870 quom
999 2791 1091 2870 Pan,

225 2887 326 2957 Pinea
340 2892 485 2961 semiferi
498 2890 612 2976 capitis
626 2892 805 2955 vellamine
822 2913 997 2974 quassans,

225 3001 320 3065 Unco
335 3022 432 3083 saepe
447 3001 541 3064 labro
558 3002 701 3064 calamos
711 3000 874 3082 percurrit
883 2998 1046 3083 hianteis,
1157 3032 1160 3037 ·

225 3109 347 3172 Fistula
359 3109 540 3174 silvestrem
554 3129 597 3172 ne
610 3117 710 3201 cesset
723 3108 1014 3170 fundere'musam.

224 3219 340 3279 Cetera
350 3219 391 3278 de
400 3219 590 3301 generehoc
598 3225 743 3279 monstra
753 3236 792 3278 ac
802 3200 1161 3300 portentaloqunntur,

224 3322 273 3383 Ne
287 3321 374 3400 loca,
389 3320 514 3383 deserta
523 3322 566 3381 ab
575 3318 669 3384 Divis
678 3338 827 3400 quoque,
841 3321 925 3382 forte
935 3330 1095 3403 putentur

224 3419 302 3482 Sola
311 3430 439 3484 tenere:
452 3419 528 3483 ideo
542 3419 664 3484 iactam
678 3419 837 3486 miracula
849 3421 960 3485 dictise

224 3525 290 3587 Aut
302 3526 415 3607 aliqua
424 3524 551 3590 ratione
561 3525 627 3595 alia
638 3530 822 3606 ducuntur3
841 3536 879 3592 ut
895 3548 996 3592 omne

225 3635 419 3698 Humanum
430 3655 534 3721 genus
542 3642 590 3699 est
602 3634 737 3698 avidum
751 3634 851 3698 nimis
862 3634 1099 3701 auricularum.

266 3741 365 3822 Quod
380 3748 543 3825 superest,
557 3747 683 3807 nonest
694 3737 899 3822 mirandum,
916 3758 982 3821 qua
991 3738 1122 3806 ratione
