2550 4726
115 294 196 363 vm
344 281 390 353 T.
440 272 837 353 LUCRETII

115 424 303 518 Cornelius
328 441 502 512 Lentulus
524 436 717 535 Spinther,
741 438 791 543 Q
815 430 945 509 Fabius
964 437 1080 510 Maxi·
1110 448 1113 453 '

114 574 196 629 mus
221 554 460 637 Verrucosus,
487 552 527 622 L.
555 551 740 622 Cornelius
766 548 863 645 Sylla
886 549 1011 636 Felix,
1036 551 1079 619 L.

113 665 328 760 Calpurnius
345 662 426 733 Piso
444 660 568 762 Frugi3
591 677 628 731 et
650 660 729 749 alii,
751 682 843 754 quos
860 660 1014 757 longum
1035 658 1080 732 sit

114 796 347 847 enumerare.-

114 910 119 919 ·
164 885 263 957 Haec
288 901 392 969 sunt,
416 906 509 976 quae
533 881 581 953 de
595 880 641 952 T.
660 878 814 950 Lucretii
835 900 963 975 genere
984 899 1082 948 com·

115 1000 220 1091 perta
228 1006 321 1061 sunt.
336 990 508 1062 Eusebius
529 1007 647 1062 autem
665 986 843 1080 Pamphili
864 985 901 1056 F.
917 1010 1002 1056 eum
1023 1008 1083 1057 na·

114 1115 196 1173 tum
213 1124 283 1170 esse
294 1100 444 1171 tradidit
457 1096 679 1195 Olympiade
692 1115 832 1183 chxt,
851 1095 921 1166 hoc
936 1109 999 1180 est,
1013 1093 1080 1164 Cn.

90 1202 93 1207 ¹
113 1202 283 1285 Domitio
307 1207 575 1295 Ahenobarbo,
600 1227 635 1278 et
660 1206 747 1277 Caio
770 1205 885 1277 Cassio
911 1204 1081 1300 Longino

98 1302 218 1388 Coss.
236 1340 332 1390 anno
355 1317 401 1390 ab
422 1316 466 1388 U.
488 1317 528 1388 C.
548 1335 717 1388 ucuvrn.
744 1314 841 1405 Alii,
859 1313 1082 1410 Olympiade

115 1431 363 1516 cuxxl1,hoc
388 1445 460 1516 est,
487 1429 526 1496 Ρ.
550 1428 686 1498 Licinio
705 1427 847 1516 Crasso,
872 1426 976 1531 etQ.
999 1426 1084 1497 Mu·

113 1536 178 1609 cio
192 1536 360 1611 Scaevola
383 1539 477 1610 Coss.
498 1560 553 1607 an.
569 1535 614 1606 ab
643 1534 685 1604 U.
704 1534 743 1605 C.
762 1552 895 1606 Dcurx.
931 1533 984 1604 Ex
1002 1558 1097 1626 quo.

114 1662 285 1740 apparet,
312 1664 395 1719 eum'
411 1650 460 1720 M.
476 1645 600 1719 Tullio
628 1645 804 1719 Cicerone
816 1646 915 1716 annis
929 1663 996 1716 tut.
1016 1661 1085 1717 aut

114 1770 171 1822 xl.
196 1770 283 1825 natu
313 1754 492 1825 minorem
520 1752 642 1836 fuisse;
671 1751 849 1845 siquidem
872 1754 924 1824 M.
938 1753 1084 1823 Tullius

113 1857 304 1936 natusest
333 1866 379 1972 Q.
411 1862 560 1935 Servilio
587 1863 798 1957 Caepione,
826 1882 862 1936 et
885 1867 926 1939 C.
953 1865 1084 1938 Attilio

115 1968 261 2043 sarano·
270 1971 362 2043 Coss.
377 1972 423 2043 Et
444 1973 493 2043 ita
503 1970 548 2041 T.
566 1970 774 2042 Lucretium
791 1969 946 2061 Carum,
962 1972 1001 2043 C.
1023 1972 1086 2044 lu·

114 2078 209 2150 lium
227 2079 408 2153 Caesarem
417 2120 433 2169 1,
456 2083 504 2189 Q.
519 2078 684 2150 Tullium
701 2079 932 2169 Ciceronem,
950 2081 990 2153 C.
1007 2082 1085 2154 Va·

113 2185 245 2262 lelium
266 2191 470 2278 Catullum,
500 2190 543 2261 T.
565 2188 814 2283 Pomponium
832 2188 1015 2279 Atticum,
1044 2208 1084 2263 et

113 2296 248 2368 horum
274 2301 440 2391 aequales
464 2321 541 2368 non
568 2298 677 2394 longe
702 2297 902 2372 admodum
927 2301 1019 2372 inter
1045 2327 1088 2373 se.

102 2427 156 2479 *ne
192 2408 290 2479 tibus
317 2409 488 2480 distitisse.

156 2421 281 2622 {uod
304 2519 351 2589 ad
365 2520 458 2591 vitae
479 2520 640 2594 studium
663 2522 814 2613 attinet,
836 2521 1004 2595 credibile
1028 2541 1082 2597 est

115 2626 349 2715 Lucretium,
374 2652 459 2701 cum
483 2632 530 2703 ad
552 2635 731 2726 poeticam
754 2651 790 2705 et
814 2635 1081 2729 philosophiam

114 2752 221 2811 natus
234 2754 341 2826 esset,
363 2739 584 2837 ingenioque
608 2768 672 2814 suo
696 2742 904 2840 indulgens,
930 2762 966 2815 et
983 2764 1082 2818 natu·

115 2872 191 2922 ram
214 2872 314 2920 suam
335 2850 466 2922 ducem
484 2870 643 2941 secutus,
666 2855 926 2949 philosophiam
947 2857 1082 2949 Epicu·

52 3042 57 3061 Ι
114 2972 212 3033 ream
236 2962 483 3056 approbasset,
511 2981 553 3035 ut
577 2967 748 3038 solutiore
774 2967 895 3038 animo
917 2984 953 3038 et
978 2994 1082 3042 com·

114 3070 261 3145 modius
283 3073 523 3168 philosophari
547 3095 687 3170 posset,
714 3086 787 3146 sese
811 3074 968 3149 Ath'enas
992 3105 1081 3152 con-

115 3181 254 3268 tulisse,
289 3180 416 3275 ibique
449 3183 637 3256 Zenonem
671 3187 797 3273 illum,
820 3186 1080 3280 Epicureorum

116 3289 371 3386 Coryphaeum
382 3343 399 3385 ,p
416 3293 609 3382 audivisse,
629 3311 739 3388 atque
753 3295 823 3367 hoc
836 3316 942 3391 pacto
963 3316 1078 3384 totam

115 3397 260 3492 Epicuri
290 3401 514 3498 disciplinam
546 3420 706 3476 accurate
733 3406 939 3504 cognovisse
968 3427 1080 3505 atque

75 3552 78 3556 -
113 3508 350 3605 perdidicisse.
841 3540 844 3547 ·

165 3614 261 3687 Cum
284 3635 371 3690 esset
388 3620 497 3718 igitur
512 3622 696 3696 Lucretius
709 3621 754 3694 ad
768 3625 946 3721 poeticam
966 3624 1079 3699 factus

117 3741 265 3819 natura,
280 3728 488 3828 ingeniique
502 3733 668 3806 acumine
688 3737 898 3828 excelleret,
922 3753 1080 3810 contem·
