2572 4732
310 338 619 407 n1nnn1v.
658 342 781 403 ssu.
960 356 1016 418 ψ

54 479 132 563 nli,
144 478 225 563 quoi
236 499 337 544 suave
348 487 410 564 est,
425 479 609 545 laevissima
623 498 764 563 corpora
778 479 902 544 debent

56 582 345 647 Contrectahiliter
356 585 467 647 oeulos
477 581 602 646 intrare
613 582 726 666 palati.

56 689 97 750 At
112 697 243 768 contra,
254 686 375 768 quibus
385 695 434 751 est
447 689 563 751 eodem
577 708 629 751 res
641 688 731 754 intus
746 689 882 773 acerba,

56 796 183 876 Aspera
195 792 355 857 nimirum
370 801 543 876 penetrant
555 797 753 876 hamataque
765 794 899 860 fauceis.

96 897 299 964 Nuucfacile
308 909 407 963 estex
418 899 577 964 hisrebus
587 919 786 984 cognoscere
796 919 958 981 quaeque.

59 1006 210 1092 Quippe,
222 1006 282 1069 uhi
291 1006 372 1089 quoi
381 1006 496 1089 febris,
505 1006 566 1070 bili
574 1016 748 1090 superante
756 1053 767 1090 ‚
778 1019 890 1071 coorta
900 1017 966 1089 est,

58 1116 123 1177 Aut
139 1113 205 1177 alin
222 1115 352 1179 ratione
363 1116 476 1198 aliqua
487 1127 537 1180 est
546 1115 596 1179 vis
608 1115 716 1178 exoita
729 1114 856 1194 morbi3

59 1206 273 1284 Perturbatur
283 1220 333 1285 ibi
342 1230 448 1284 totum
461 1221 529 1286 iam
540 1239 675 1309 corpus,
687 1228 848 1283 et-omnes

60 1325 314 1389 Commutantur
325 1325 374 1389 ihi
386 1325 552 1410 positurae
568 1324 828 1409 principiorum:

58 1428 122 1510 Fit,
133 1427 415 1511 priussdsensum
423 1449 509 1510 quae
520 1448 661 1511 oorpora
669 1427 923 1512 conveniebant,

60 1535 157 1597 Nune
169 1553 240 1598 non
252 1531 463 1616 conveniant,
477 1543 510 1596 et
521 1545 630 1596 cetere
639 1530 705 1597 sint
716 1530 822 1619 magis
832 1541 925 1614 epta,

60 1638 154 1721 Quae
166 1647 335 1719 penetratu
345 1643 471 1717 queunt
480 1655 614 1699 sensum
627 1634 827 1722 progignere
837 1637 1005 1701 acerbum.

59 1738 308 1820 Utraqneeuim
319 1737 444 1803 suntin
456 1737 564 1802 mellis
582 1737 759 1801 commixta
770 1757 904 1822 sapore3

61 1841 99 1905 id
112 1840 284 1924 quodiam
300 1860 420 1924 supera
436 1839 493 1905 tibi
507 1859 606 1923 saepe
622 1840 826 1905 ostendimus
841 1851 928 1906 ante.

99 1946 198 2008 Nunc
207 1963 282 2030 nge,
296 1963 362 2024 quo
376 1953 474 2026 pacto
488 1941 595 2004 nareis
608 1941 753 2003 adiectus
766 1941 878 2004 odoris
961 1945 1020 2024 ⁶75

61 2047 206 2132 Tangat,
217 2065 327 2132 agam.
340 2045 489 2106 Primum
497 2088 507 2125 ‚
515 2063 568 2106 res
579 2044 699 2105 multus
712 2062 781 2139 esse
795 2061 925 2106 necesse
936 2053 985 2106 est

61 2152 159 2213 Unde
168 2153 273 2213 fluens
286 2150 399 2212 volvat
410 2148 520 2212 varius
529 2168 563 2212 se
575 2149 692 2211 flnctus
704 2149 863 2224 odorum3

62 2258 101 2320 Et
110 2259 230 2339 fluere,
240 2268 272 2321 et
281 2257 369 2322 mitti
381 2260 496 2345 volgo,
505 2255 691 2342 spargique,
699 2256 885 2339 putandum
895 2261 952 2320 esi.

63 2364 188 2429 Verum
202 2364 274 2428 aliis
286 2365 372 2429 alius
384 2364 491 2450 magis
500 2376 548 2429 est
559 2360 784 2425 animantibus
798 2371 910 2444 aptus,

62 2467 257 2531 Dissimileis
271 2478 407 2550 propter
418 2467 559 2530 formas:
572 2465 714 2547 ideoque
726 2486 788 2548 per
796 2485 894 2531 suros

62 2574 171 2645 Meldis
184 2594 281 2656 apes,
293 2572 443 2654 quamvis
458 2575 574 2660 longe,
584 2572 752 2636 ducuntur
763 2573 884 2651 odore3

63 2679 273 2761 volturiique
286 2679 516 2745 cadaveribus:
533 2690 618 2762 tum,
629 2677 704 2743 fisse
717 2679 864 2745 ferarum

62 2784 196 2871 Ungula
205 2803 272 2864 quo
284 2782 395 2847 tulerit
408 2780 574 2873 gressum,'
582 2784 741 2866 permissa
755 2806 877 2849 canum
891 2787 942 2852 vis

62 2890 181 2970 Dneit3
194 2901 226 2953 et
236 2893 420 2953 humanum
432 2891 532 2975 longe
544 2888 721 2972 praesentit
735 2891 892 2973 odorem,

62 2999 318 3063 Romulidarum
331 2999 417 3062 arcis
429 3008 590 3080 servator,
600 2990 760 3063 oarididns
774 3020 881 3065 omer.

63 3107 117 3172 Sic
129 3107 205 3171 aliis
215 3107 299 3172 alius
314 3107 413 3171 nidor
422 3108 518 3172 dotus
529 3108 573 3169 sd
585 3126 645 3172 sua
657 3127 823 3188 quemque

64 3213 190 3276 Pabula
201 3213 309 3295 ducit,
324 3222 357 3278 et
372 3234 393 3276 a
409 3222 514 3276 taetro
525 3211 652 3275 resilire
662 3230 792 3276 veneno

65 3314 181 3400 Cogit3
191 3335 298 3397 eoque
310 3319 410 3381 modo
422 3324 595 3382 servantur
605 3315 692 3378 seclo
704 3314 859 3378 ferarum.

101 3424 169 3489 Hic
179 3427 264 3489 odor
272 3426 342 3509 ipse
356 3425 471 3513 igitur,
484 3422 591 3518 nareis
605 3421 795 3505 quicunqne
806 3423 951 3508 lacessit,

65 3526 120 3593 Est
132 3529 200 3592 alio
212 3540 249 3594 ut
261 3530 364 3613 possit
374 3528 523 3613 permitti
535 3526 668 3614 longius
678 3530 777 3591 aiter:

65 3631 246 3698 &dtamen
256 3636 347 3697 haud
355 3633 531 3716 quisquam
541 3643 608 3695 tem
617 3634 718 3719 longe
727 3632 831 3695 fertur
839 3652 972 3717 eornm,

67 3739 173 3825 Quem
182 3740 307 3819 sonitus
312 3787 323 3825 ,
332 3758 434 3824 quam
441 3758 522 3821 νοις
532 3739 626 3805 mitto
635 3739 703 3806 iun
713 3738 834 3826 dicere,
843 3760 1017 3825 quemres,
