2572 4732
459 175 665 241 LIBER
703 176 744 240 V·
783 174 892 238 mod·
1094 176 1151 240 1⁶5

190 316 335 381 Foedere
343 313 424 397 sint,
436 311 474 377 in
486 333 527 379 eo
539 332 640 395 quam
652 310 694 378 sit
706 313 827 377 durare
840 332 1026 397 necessum

192 418 257 482 Nec
269 415 396 483 validas
409 418 540 481 valeant
551 417 627 481 neri
639 416 824 481 rescindere
837 418 937 504 leges.

193 527 268 612 Quo
275 545 399 611 genere
409 523 446 587 in
459 523 577 608 primis
589 523 695 587 animi
708 533 828 587 natura
836 533 967 609 reperte
977 531 1040 610 est,
1135 530 1140 537 '

193 630 311 695 Natiro
323 630 469 713 primum
485 630 658 696 consistere
676 652 814 717 corpore
829 620 931 714 creta;
1008 670 1017 687 κ

193 741 257 806 Nec
270 759 365 824 posse
378 740 580 805 incolumem
590 761 750 827 magnum
760 743 881 807 durare
890 763 951 827 per
963 761 1102 804 aevum:

193 845 254 908 Sed
267 842 444 909 simulacra
457 844 564 917 solere
575 843 612 905 in
624 842 748 907 somnis
759 844 873 911 fallere
885 820 1046 930 mentem,

191 953 334 1015 Cernere
346 971 449 1032 quom
462 949 635 1014 videamur
645 972 738 1033 eum,
752 975 852 1034 quem
866 952 934 1017 vite
946 954 1089 1037 reliquit.

228 1055 331 1139 Quod
339 1062 500 1136 superest,
513 1074 604 1116 nunc
613 1054 680 1117 huc
688 1052 826 1118 rationis
834 1054 952 1118 detulit
965 1058 1063 1140 ordo,

186 1160 234 1227 Ut
245 1161 346 1244 mihi,
357 1159 492 1223 mortali
500 1159 674 1224 consistere
684 1149 823 1243 corpore
832 1163 1016 1247 mundum,

148 1282 159 1291 ·
183 1262 636 1347 Nativumquesimu1‚ratio
652 1265 825 1329 reddunda
835 1264 892 1348 sit,
903 1286 983 1330 esse.

182 1370 231 1433 Et
241 1369 361 1451 quihus
371 1370 430 1433 iile
444 1368 552 1433 modis
566 1389 758 1457 congressus
774 1370 943 1437 materiai
1059 1368 1062 1376 ‘

182 1472 353 1538 Fundarit
363 1483 497 1558 terram,
516 1473 662 1554 eoelum,
676 1491 784 1559 mare,
800 1473 925 1558 sidere,
937 1475 1059 1558 solem,

182 1577 367 1659 Lunaque
377 1578 533 1664 globum
548 1584 636 1657 tum,
648 1597 734 1657 quae
749 1578 869 1641 tellure
881 1577 1067 1645 animantes

153 1728 161 1741 .
182 1680 396 1760 Exstiterin13
415 1691 463 1765 et,
476 1699 561 1765 quae
573 1683 667 1744 nullo
679 1680 746 1746 sint
758 1690 907 1766 tempore
917 1693 1032 1748 natae:

148 1850 151 1855 .
187 1796 312 1878 Quove
322 1793 422 1855 modo
433 1794 732 1876 genushumanum
741 1790 890 1853 variante
903 1793 1038 1871 loquela

190 1897 348 1982 Coeperit
363 1899 449 1960 inter
463 1917 499 1960 se
512 1880 600 1960 vesci
612 1916 673 1979 per
687 1894 824 1958 nomina
839 1916 971 1958 rerum:
1115 1898 1155 1977 73

190 2006 235 2069 Et
249 2005 370 2086 quibus
385 2004 444 2067 ille
457 2002 566 2067 modis
579 2000 703 2064 Divom
719 2010 826 2063 metus
838 2000 1016 2065 insinuarit

194 2111 347 2192 Pectora,
361 2119 523 2175 terrarum
533 2109 594 2192 qui
604 2108 642 2172 in
652 2105 726 2170 orbi
736 2116 850 2171 sancta
861 2109 971 2171 tuetur

195 2215 300 2296 Fene,
310 2215 417 2296 lacus,
429 2215 536 2298 lucos,
546 2233 637 2296 aras,
646 2211 905 2295 simulacroque,
916 2211 1050 2277 Divom.

181 2342 185 2349 ·
235 2321 424 2400 Praeterea,
439 2319 518 2383 solis
530 2339 644 2384 cursus
655 2319 821 2398 lunaeque
833 2326 981 2403 meatus,
1063 2346 1070 2369 ⁴

196 2423 393 2508 Expediam',
408 2443 475 2505 qua
484 2423 521 2487 ri
533 2425 642 2489 flectat
651 2426 776 2511 Natura
789 2427 997 2512 gubernans:

198 2531 245 2591 Ne
261 2529 348 2591 forte
359 2531 441 2593 haec
454 2528 543 2593 inter
556 2531 688 2593 coelum
708 2541 895 2613 terramque
909 2551 1044 2595 reamur

197 2636 316 2699 Libera
329 2649 446 2720 sponte
463 2660 524 2703 sua
540 2661 655 2704 cursus
664 2642 802 2704 lustrare
814 2641 990 2723 perenneis
998 2687 1009 2723 ,

197 2744 363 2832 Morigera
373 2748 417 2809 ad
429 2746 541 2831 fruges
557 2748 737 2832 augendas,
754 2756 854 2827 atque
867 2740 1098 2811 animanteisa'

198 2854 287 2913 Neve
301 2852 410 2933 aliqua
424 2852 546 2916 Divom
562 2851 655 2915 volvi
668 2850 796 2914 ratione
806 2861 971 2936 putemus.

198 2960 299 3038 Nam,
310 2957 461 3039 bene'qui
471 2957 631 3040 didicere,
644 2960 731 3023 Deos
738 2979 892 3023 securum
901 2978 999 3045 agere
1009 2979 1145 3047 aevum,

197 3063 232 3127 Si
250 3073 361 3127 tamen
375 3065 502 3128 interea
514 3064 692 3145 mirantur,
706 3083 773 3145 qua
790 3063 919 3131 ratione

199 3170 437 3256 Quaequegeri
449 3169 1044 3255 possint‚praesertimrebusinillis,
1154 3232 1157 3237 .

198 3274 293 3357 Quae
306 3292 406 3355 supra
419 3285 517 3356 caput
532 3275 687 3339 aetheriis
702 3285 883 3340 cernuntur
895 3276 932 3341 in
942 3275 1026 3357 oris3

198 3383 326 3445 Rursus
335 3380 372 3443 in
381 3381 533 3462 antiques
543 3384 732 3447 referuntur
749 3384 944 3471 religiones,

161 3554 165 3560 ᾗ
200 3486 241 3548 Et
254 3483 406 3549 dominos
421 3484 525 3548 ncicis
541 3486 741 3569 adsciscunt,
757 3486 871 3551 omnia
884 3506 980 3570 posse

201 3568 296 3678 Quos
303 3590 416 3659 miseri
424 3595 581 3677 credunt5
595 3594 724 3684 ignari,
736 3596 820 3680 quid
832 3607 931 3681 queat
944 3616 1030 3681 etto,
1072 3644 1076 3649 -
