2550 4726
405 363 608 426 LIBER
647 365 690 431 V.
727 383 911 448 v01007.'
965 371 974 388 *
1054 368 1112 451 ¹9⁵

153 500 209 565 Illi
222 498 448 586 imprudentes
459 504 523 589 ipsi
535 503 601 568 sibi
611 524 709 590 saepe
719 529 887 572 venenum
911 588 915 601 ,
953 492 956 499 ¹

153 607 354 692 vergebant:
374 629 465 672 nune
478 611 558 679 dant
570 609 643 674 aliis
657 612 821 676 sollertius
836 607 912 697 ipsi.
922 610 930 627 ⁸
1013 612 1015 617 ’

191 709 611 795 Indecesaspostquam,ae
618 713 745 798 pelleis,
754 714 935 802 ignemque
943 725 1112 804 pararunt,

152 812 191 874 Et
205 814 341 897 mulier,
355 815 531 880 coniuncta
541 818 634 900 viro,
648 819 807 884 concessit
817 820 855 882 in
870 841 989 907 unum,

153 921 314 1001 Castaque
326 921 476 1004 privatae
489 923 627 990 Veneris
636 926 804 997 connubia
814 927 902 989 laeta

154 1027 294 1113 Cognita
305 1036 397 1109 sunt,
410 1028 605 1110 prolemque
614 1051 656 1093 ex
665 1050 700 1094 se
711 1031 825 1096 videre
839 1042 996 1112 ereatam3

152 1131 240 1190 Tum
252 1150 357 1215 genus
367 1130 551 1193 humanum
564 1130 710 1214 primum
719 1135 911 1199 mollescere
922 1132 1040 1218 coepit.

152 1233 243 1318 Ignis
257 1232 346 1297 enim
360 1234 505 1317 curavit,
518 1245 556 1299 ut
568 1236 650 1298 alsia
660 1256 800 1321 corpora
809 1239 916 1328 frigus

153 1342 228 1403 Non
237 1340 284 1404 ita
295 1340 362 1404 iam
375 1350 507 1425 possent
516 1343 606 1406 ⁴coeli
620 1346 682 1406 sub
697 1345 843 1431 tegmine
857 1346 962 1410 ferre:
996 1356 1015 1379 ’·

153 1443 193 1503 Et
204 1446 316 1508 Venus
328 1442 498 1507 imminuit
507 1441 622 1522 vireis;
638 1444 800 1527 puerique
813 1457 991 1530 parentum
1038 1510 1042 1517 ,

153 1552 323 1618 Blanditiis
334 1554 432 1618 facile
443 1552 617 1640 ingenium
632 1553 760 1641 fregere
772 1559 963 1650 superbum
1037 1574 1049 1591 ·
1105 1574 1109 1581 ·

152 1661 246 1725 Tune
257 1671 288 1725 et
297 1660 476 1725 amicitiam
488 1671 668 1745 coeperunt
680 1659 818 1747 iungere
828 1663 988 1725 hahentes
1056 1670 1057 1677 ’

152 1762 311 1826 Finitumi
322 1762 409 1827 inter
419 1761 476 1839 se,
489 1784 550 1828 nee
563 1766 714 1848 laedere,
730 1786 792 1829 nec
804 1765 930 1830 violare
943 1787 953 1845 ς

152 1867 192 1929 Et
205 1870 608 1949 pueroseommendarunt
620 1872 982 1952 muliebrequeseclum

151 1969 314 2050 Vocibus,
329 1979 361 2032 et
372 1978 480 2054 gestu,
498 1990 599 2049 quom
615 1973 713 2036 balbe
728 1971 970 2057 significarent,
1035 1994 1112 2040 1021

150 2075 401 2138 imbecillorum
412 2095 481 2138 esse
495 2093 639 2155 aequum
651 2076 837 2139 misererier
850 2078 953 2141 omui.
995 2090 997 2095 '

150 2186 226 2247 Non
241 2194 350 2246 tamen
359 2183 559 2248 omnimodis
569 2192 698 2267 poterat
711 2184 886 2248 eoncordia
899 2184 1009 2272 gigni:

152 2294 216 2356 Sed
230 2294 317 2355 bona
328 2291 517 2377 magnaque
526 2312 602 2386 pars
616 2294 792 2356 servabant
801 2291 935 2354 foedera
946 2293 1040 2371 casti3

148 2402 215 2462 Aut
226 2421 330 2485 genus
339 2403 524 2464 humanum
536 2399 603 2463 iam
616 2409 685 2461 tum
694 2397 780 2461 foret
789 2415 889 2460 omne
899 2408 1099 2484 peremtum,

148 2504 217 2569 Nec
227 2503 385 2588 potuisset
395 2493 504 2568 adhue
513 2507 695 2589 perducere
704 2505 792 2567 secla
802 2522 963 2591 propago.

188 2615 232 2674 At
246 2609 354 2674 varios
364 2609 499 2697 linguae
509 2608 633 2672 sonitus
648 2618 766 2670 nature
776 2605 908 2692 subegit

146 2717 297 2798 Mittere,
312 2726 345 2778 et
356 2715 479 2802 utilitas
489 2711 647 2797 expressit
660 2710 794 2775 nomina
808 2732 943 2775 rerum:

143 2823 224 2885 Non
237 2821 304 2884 alia
316 2822 416 2906 longe
428 2818 571 2899 ratione,
581 2828 683 2897 ⁵atque
698 2816 769 2898 ipsa
782 2814 914 2889 videtur
966 2840 969 2846 ·

143 2925 346 2990 Protrahere
357 2924 401 2984 ad
414 2930 543 3007 gestum
558 2938 677 3002 pueros
690 2916 831 2979 infantia
841 2914 991 3001 linguam

143 3035 262 3116 Quom
272 3029 410 3110 iacit,ut
420 3024 532 3113 digito,
542 3042 628 3105 quae
638 3021 704 3086 sint
713 3021 906 3104 proesentis,
915 3028 1108 3086 monstrent·

142 3134 254 3198 Sentit
266 3130 356 3197 enim
365 3118 587 3211 vim'quisque
600 3124 695 3191 suam
711 3127 803 3208 quod
815 3126 917 3210 possit
930 3128 1034 3192 abuti.
1048 3176 1051 3181 -

144 3247 284 3305 Cornua
299 3251 373 3304 nata
387 3238 479 3322 prius
491 3236 597 3299 vitulo
613 3254 713 3315 quam
730 3231 896 3297 frontibus
912 3242 1054 3316 exstent,

143 3347 220 3411 Illis
236 3348 338 3409 iratus
351 3345 450 3430 petit,
468 3353 566 3425 atque
591 3341 740 3404 infensus
754 3339 903 3428 inurget:

145 3457 190 3516 At
208 3451 310 3515 catuli
326 3452 577 3534 pantherarum,
592 3445 788 3529 scymnique
802 3446 957 3527 leonum,

145 3557 338 3643 Unguibus,
348 3577 386 3619 ae
395 3553 533 3636 pedibus
544 3553 611 3615 iam
622 3561 692 3614 tum
704 3570 881 3630 morsuque
891 3553 1093 3636 repugnant,
1148 3619 1153 3624 ,

146 3664 216 3732 Vix
225 3664 324 3727 etiam
335 3683 436 3745 quom
446 3671 521 3724 sunt
531 3662 644 3723 dentes
654 3676 846 3744 unguesque
856 3655 967 3720 creati.

150 3773 301 3836 Alituum
312 3790 412 3855 porro
425 3789 532 3858 genus
544 3766 605 3833 alis
618 3772 717 3830 omne
727 3763 879 3830 videmus
894 3762 896 3766 ’
