2572 4732
289 698 958 812 T.L'UCRET11cAR1
1038 788 1044 795 .

597 946 658 996 DE

148 1126 552 1250 RERUM
613 1134 1106 1256 NATURA

377 1380 877 1491 urssuRQumtrus.

505 1640 753 1662 ..u—·—

350 1860 361 1882 ,
426 1819 827 1877 ARGUMENTUM.

140 1949 263 2016 ²litoreus
271 1961 348 2031 poita
361 1959 392 2011 ab
401 1961 506 2028 Epicuri
515 1961 643 2023 laudibus,
653 1962 695 2012 cui
706 1974 809 2029 propter
819 1973 941 2030 repertam
950 1962 1117 2030 explicatam·

211 2069 260 2122 que
269 2050 453 2120 philosophiam
461 2053 519 2118 ptus
528 2050 770 2112 debeantmortaies,
782 2066 857 2117 quam
869 2048 973 2119 reliquis
982 2056 1109 2117 omnibns,

211 2141 297 2210 quide
309 2156 399 2211 genere
406 2140 516 2191 humano
526 2141 589 2192 bene
598 2139 751 2200 meruerint,
762 2157 790 2191 v.
802 2156 812 2190 r
825 2168 836 2181 ·
847 2155 887 2203 54.
897 2154 1069 2208 argumentum
1081 2143 1113 2195 ti·

212 2229 252 2280 bri
267 2242 320 2281 tum
335 2231 507 2298 praecedentis
517 2229 623 2298 repetit,
635 2247 663 2282 v.
675 2244 703 2292 55
716 2228 776 2295 ·67.
795 2241 849 2279 tum
865 2230 928 2279 novi
942 2230 1067 2300 adiungit,
1080 2252 1109 2284 v.

211 2321 245 2375 68
258 2339 324 2391 ·91·
338 2325 375 2376 Ac
383 2324 491 2394 primum
502 2326 577 2380 docet
587 2325 656 2388 fore,
675 2325 823 2377 universum
836 2325 954 2376 mundum
965 2343 1014 2376 una
1025 2337 1054 2377 ut
1068 2328 1110 2380 di-

215 2421 273 2461 ruat
287 2410 395 2473 dicen.
406 2429 527 2480 92·110.
543 2431 599 2464 nam
610 2425 715 2475 terram,
733 2430 815 2476 mare,
833 2414 945 2475 coelum,
958 2415 1040 2466 sidera
1058 2431 1113 2468 csse

214 2499 343 2551 mortalia:
352 2516 403 2551 non
413 2517 484 2563 esse,
496 2503 566 2570 quod
574 2503 654 2554 Stoici
663 2515 799 2572 putarunt,
811 2505 918 2555 animata
925 2502 1110 2573 Deiqueipsius

214 2603 316 2658 partes;
327 2607 374 2643 nec
383 2631 391 2656 ‚
401 2592 569 2664 quodvulgus
582 2595 725 2658 existimet,
736 2598 821 2650 sedem
832 2614 860 2649 ac
873 2596 1027 2649 domicilium
1037 2600 1110 2651 Deo-

216 2695 286 2742 rum,
296 2696 323 2730 v.
340 2695 381 2733 ut
389 2708 401 2722 -
410 2682 464 2746 156.
481 2684 521 2736 Ne
530 2684 585 2752 quis
597 2698 680 2737 autem
691 2685 757 2738 hanc
765 2688 851 2740 mundi
861 2704 1005 2757 compagem
1017 2705 1031 2740 a
1041 2688 1097 2743 Diis
1102 2726 1112 2754 ,

216 2774 260 2825 vel
269 2773 398 2825 hominum
407 2792 499 2838 rausa,
513 2758 556 2829 rei
566 2778 592 2828 in
604 2796 674 2830 suam
691 2780 804 2846 ipsorum
815 2781 947 2833 utilitatem
958 2783 1112 2837 oblectatio-

216 2885 322 2932 nemve,
338 2869 427 2921 factam
439 2887 512 2936 esse,
523 2884 599 2939 atquc
609 2872 666 2925 idco
677 2874 842 2924 immortalem
861 2874 959 2938 credat3
978 2874 1113 2932 Lucretius

216 2959 357 3039 contrariae
379 2961 522 3013 sentcntiae
539 2974 686 3030 argumenta
702 2979 716 3011 a
732 2974 818 3012 natura
836 2960 964 3027 Deorum,
980 2976 1033 3017 tum
1047 2985 1061 3019 a
1073 2968 1116 3020 vi.

185 3059 188 3063 '
218 3053 284 3107 tiosa
293 3052 380 3105 mundi
395 3051 600 3116 constructione,
612 3066 665 3104 tum
682 3052 756 3105 abeo
774 3051 853 3121 petit,
871 3051 940 3119 quod
957 3069 1043 3107 omnes
1058 3054 1114 3108 cius

219 3157 304 3214 partes
313 3144 419 3197 subinde
428 3144 565 3207 intereant,
574 3160 601 3194 v.
615 3157 676 3208 ¹57·
689 3158 748 3211 ²35·
761 3142 825 3192 Nam
835 3139 900 3193 sicut
910 3154 1028 3213 quatuor,
1038 3142 1116 3211 equi.

211 3239 268 3291 ius
280 3250 395 3301 constat,
405 3239 540 3299 clementa,
553 3249 631 3298 tetta,
644 3252 724 3304 aqua,
735 3235 778 3286 air
788 3248 814 3287 et
826 3234 906 3305 ignis,
918 3246 944 3288 et
955 3247 1011 3286 nata
1021 3234 1075 3287 sint
1088 3247 1116 3287 et

219 3327 412 3398 exstinguantur
419 3346 428 3388 ;
439 3328 475 3380 ita
485 3326 602 3379 mundum
615 3326 697 3396 ipsum
712 3325 847 3395 aliquando
865 3325 964 3377 initium
980 3323 1116 3387 habuisse.

218 3420 353 3489 aliquando
363 3419 439 3473 finem
449 3421 590 3474 habiturum
601 3437 671 3480 esse,
682 3438 711 3474 v.
720 3419 768 3489 236
778 3447 792 3463 -
800 3437 857 3488 324·
869 3421 973 3472 initium
983 3419 1037 3472 cius
1047 3434 1116 3489 pate·

219 3530 248 3565 rc
257 3525 311 3564 tum
321 3530 353 3565 ex
364 3512 487 3580 principio
496 3513 631 3575 historiae,
644 3530 671 3565 r.
682 3527 748 3579 325·
753 3528 765 3579 3
770 3528 813 3578 30.
822 3526 874 3564 rum
885 3530 917 3565 ex
925 3510 1015 3563 artium
1025 3526 1115 3565 recent

218 3601 409 3655 adinventarum
419 3602 516 3655 ratione
523 3639 531 3665 ,
539 3621 566 3653 v.
576 3618 621 3670 33¹
631 3619 659 3670 ·3
665 3618 675 3664 5
683 3619 706 3652 1.
718 3598 793 3653 finem
802 3616 885 3653 autem
895 3600 1015 3671 cognosci
1023 3603 1115 3673 partim

219 3709 253 3746 ex
268 3709 316 3755 eo,
329 3694 397 3762 quod
411 3692 566 3746 aeternitatis
577 3691 649 3744 notio
662 3693 689 3743 in
704 3692 825 3745 mundum
837 3709 888 3744 non
900 3695 989 3760 cadat,
1003 3713 1031 3749 v.
1043 3710 1117 3763 352·

220 3784 280 3853 380.
291 3781 381 3850 partim
391 3799 407 3835 e
416 3782 539 3837 contimta
548 3800 630 3855 pugna
638 3785 820 3839 elementorum
827 3823 835 3849 ,
846 3800 875 3837 ν.
887 3784 931 3853 381
939 3809 949 3826 ·
955 3784 1013 3854 39'4·
1021 3796 1049 3839 et
1059 3802 1116 3855 my»
1174 3812 1182 3827 κ
1255 3804 1258 3811 ·

266 3871 396 3929 Lucretius.
858 3890 889 3929 n
