2550 4726
256 135 314 181 no
462 117 530 179 DE
555 117 740 181 RERUM
766 118 979 183 NATURA
1071 141 1105 184 v.
1125 123 1168 198 64.

235 252 238 263 '
253 259 363 342 Quam
374 275 459 338 quoe
473 254 686 338 tenuissent,
700 255 854 320 hisoundi
868 268 915 323 est
927 259 1021 323 nulls
1033 268 1183 343 potestus}

139 361 143 369 '
205 381 207 385 ’
252 361 461 444 Praesertim,
478 380 582 441 quom
593 359 661 423 siut
674 360 860 429 insummie
872 384 1013 447 corpora
1026 367 1141 433 rebus,

219 548 223 553 Ι
251 467 359 529 Multa
372 466 516 547 minuta,
532 464 597 528 iaci
611 486 698 546 quae
712 468 839 549 possint
852 470 969 534 ordine
981 489 1117 554 eorum,

253 574 330 658 Quo
344 572 483 653 tuerint,
500 581 532 635 et
544 571 665 633 formai
677 592 807 636 servare
820 573 979 660 figuram
1039 614 1042 618 -

252 679 294 742 Et
310 679 414 741 multo
430 676 543 758 citius,
560 684 683 756 quanto
702 678 811 743 minus
827 679 1018 762 indupediri

252 788 361 851 Pauca
372 791 514 867 queunt,
530 794 562 846 et
574 793 651 847 sunt
665 782 822 868 inprime
835 785 944 848 ftonte
958 788 1077 851 locata.

295 898 379 977 Num
396 902 482 957 certe
499 888 607 958 iecere
618 914 658 958 ac
672 895 793 978 perciti
799 896 1080 978 multavidesnus3
1173 894 1215 955 Ι·

254 1005 329 1065 Νοιι
340 1002 450 1065 solum
462 1021 505 1064 ex
518 1003 587 1064 olto
599 1000 809 1085 penitusque,
826 1011 864 1064 ut
879 1003 1023 1082 diximus
1039 1014 1136 1090 ante,

254 1111 381 1174 Verum
391 1110 433 1172 de
447 1108 584 1173 summis
596 1109 706 1192 ipsum
722 1128 855 1190 quoque
873 1130 971 1195 saepe
988 1115 1152 1180 colorem:

255 1217 295 1277 Et
312 1215 413 1300 volgo
427 1213 555 1279 faciunt
570 1215 608 1278 id
623 1216 730 1295 lutea,
742 1234 900 1298 russaque
915 1218 1007 1298 vela,
1117 1273 1120 1277 .

256 1321 298 1380 Et
310 1320 492 1406 fenugina,
512 1339 633 1401 quom,
654 1319 783 1404 magnis
796 1318 923 1383 intenta
938 1321 1091 1402 theatris,

148 1500 161 1527 ο
256 1428 321 1488 Per
333 1428 438 1488 malos
451 1427 583 1512 volgato
595 1422 796 1506 trabeisque,
811 1426 983 1489 trementia
995 1428 1151 1491 fluctant.

258 1494 409 1610 Namque
417 1531 465 1593 1b1
475 1550 662 1594 consessum
680 1551 792 1596 caveat
779 1535 934 1614 “subter,
947 1542 979 1596 et
988 1552 1126 1594 omnem
1208 1558 1213 1563 ·

194 1660 197 1665 ·
258 1625 756 1723 8οοιιιΙοιιιιΡεοίοιιι,ραιιιιιιι,
765 1636 1223 1717 matmmque,Deorumque,

44 1790 48 1799 ,
154 1778 157 1782 -
259 1738 430 1822 Inficiunt,
449 1750 638 1827 coguntque
653 1760 713 1806 suo
726 1740 856 1804 lluitare
870 1741 999 1803 colore:
1188 1741 1225 1821 78

260 1848 317 1930 Et,
336 1858 461 1930 quanto
477 1848 601 1912 circum
615 1869 712 1936 mage
726 1858 803 1912 sunt
814 1848 946 1912 inclusa
963 1844 1086 1910 theatri

262 1954 408 2036 Moenia,
421 1967 487 2018 tam
504 1956 607 2042 magis
621 1959 703 2019 haec
721 1955 823 2037 intus,
842 1955 973 2038 perfusa
985 1955 1122 2038 lepore,
1205 2006 1210 2017 .

263 2059 387 2122 Omnia
403 2061 592 2140 conrident,
612 2069 770 2141 conrepta
786 2061 865 2128 luce,
877 2059 955 2123 diei.

264 2162 351 2245 Ergo
364 2161 481 2242 lintea,
499 2167 542 2226 de
559 2181 689 2226 summo
702 2180 804 2243 quom
822 2182 962 2246 corpore
975 2164 1093 2228 fiscum

264 2266 416 2348 Mittunt,
434 2265 559 2354 effigias
575 2287 708 2348 quoque
722 2270 843 2331 debent
858 2269 989 2332 mittere
1003 2269 1135 2334 tenuels

266 2369 330 2428 Res
340 2388 503 2446 quaeque;
512 2389 552 2429 ex
559 2388 689 2440 summo
698 2367 854 2447 quonium
860 2368 1047 2432 iaculantur
1057 2381 1234 2453 utraeque.

266 2474 348 2535 Sunt
360 2471 463 2558 igitur
472 2473 538 2535 iam
552 2474 734 2536 formarum
747 2474 884 2559 vestigia
895 2485 999 2556 certa,

268 2585 362 2666 Quae
376 2583 476 2668 volgo
491 2581 645 2662 volitant,
659 2582 772 2646 subtili
783 2584 932 2664 praedita
947 2583 1026 2665 filo,

260 2691 336 2754 .Neo
349 2687 543 2774 singillatim
556 2699 692 2771 possunt
710 2699 834 2752 secreta
851 2688 981 2751 videri:

310 2798 495 2877 Praeterea,
508 2794 616 2858 omnis
631 2797 730 2876 odos,
748 2796 873 2877 fumus,
889 2815 1007 2878 vapor,
1027 2806 1131 2879 atque

799 2899 884 2963 aliae
902 2922 953 2963 res

273 3003 483 3084 consimiles,
496 3004 573 3068 ideo
589 3002 725 3068 diffusae
745 3008 842 3068 rebus
857 3008 1044 3090 abundant,

271 3110 322 3169 Ex
334 3109 401 3169 alto
414 3107 506 3188 quia,
527 3110 607 3170 dum
618 3108 758 3171 veniunt
769 3108 981 3192 intrinsecus,
1001 3118 1113 3196 ortae,
1147 3118 1149 3122 ’

273 3214 473 3276 scinduntur
488 3234 548 3296 per
558 3212 621 3276 iter
631 3215 772 3292 flexum3
788 3235 849 3277 neo
861 3225 948 3277 recta
961 3215 1095 3280 viarum

276 3319 368 3379 Ostia
379 3327 470 3399 sunt,
482 3338 549 3398 qua
565 3319 768 3381 contendunt
782 3317 872 3380 exire
888 3327 1030 3382 coortam

277 3427 318 3486 At
332 3435 463 3507 contra,
477 3425 584 3489 tenuis
597 3425 718 3490 summi
733 3429 926 3488 membrana
943 3425 1064 3490 coloris
1126 3482 1134 3499 ,

276 3533 385 3614 Quom
399 3532 527 3616 iacitur,
540 3533 626 3598 nihil
635 3542 696 3615 est,
707 3535 797 3614 quod
811 3554 883 3597 eam
897 3533 1081 3618 discerpere
1091 3536 1223 3619 possin
