2550 4726
156 364 216 427 so!
335 351 881 421 DE'RERUMNATURA
931 370 965 415 r.
989 355 1072 430 1418.

101 542 103 547 .
153 494 264 578 Quam
273 507 349 552 reor
358 484 722 551 invidiatalituneesse
741 491 941 569 repertam,¹
961 534 964 539 .

152 595 539 679 Utletuminsidiis,qni
547 594 646 682 gessit
654 593 942 677 primus-‚obirets

153 811 364 895 Disperiisse,
378 808 533 891 usquein
544 810 689 875 fructum
700 821 896 883 convortere
906 809 1024 891 quisse.

193 922 289 982 Tune
298 917 401 1005 igitur
411 917 532 999 pelles,
547 936 637 979 nune
650 934 770 977 aurum
780 924 814 979 et
822 936 988 998 purpura,
1000 913 1075 981 curis

153 1029 314 1089 Exercent
321 1023 497 1089 hominum
507 1021 627 1105 vitam,
641 1022 797 1104 belloque
807 1023 964 1109 fatigante

153 1139 231 1221 Quo
243 1133 348 1221 magis
361 1133 399 1197 in
411 1132 521 1216 nobis,
534 1141 572 1195 ut
584 1131 722 1215 opinor,
735 1133 836 1214 eulpa
845 1132 981 1195 resedit«

153 1246 271 1332 Frigus
283 1243 374 1309 enim
387 1246 495 1309 nudos
504 1243 577 1307 sine
588 1243 732 1327 pellibus
743 1241 959 1307 excruciabat

154 1359 349 1447 Terrigenas
359 1380 369 1438 ς
381 1368 417 1423 at
428 1377 489 1425 uos
498 1357 547 1423 nil
558 1356 660 1421 laedit
670 1364 759 1421 veste
772 1376 885 1421 carere

153 1466 341 1551 Purpurea,
351 1476 449 1549 atque
459 1485 544 1541 auro
556 1464 726 1553 signisque
734 1464 920 1551 rigentibus
930 1472 1017 1547 apta;

153 1578 245 1639 Dum
257 1573 389 1659 plebeia
401 1583 511 1647 tamen
520 1572 581 1654 sit,
599 1586 684 1654 quae
697 1573 875 1637 defendere
883 1575 997 1656 possit.

154 1683 241 1768 Ergo
253 1681 429 1745 hominum
437 1701 543 1766 genus
553 1681 720 1745 ineassum
732 1681 920 1764 frustraque
933 1684 1052 1746 laborat
1082 1696 1083 1705 ¹

154 1791 306 1871 Semper,
321 1797 353 1850 et
364 1786 402 1852 iu
416 1787 505 1853 euris
517 1790 681 1853 eonsumit
693 1789 850 1857 inanibus
863 1812 1001 1870 aevum3

154 1895 338 1976 Nimirum,
348 1895 428 1977 quia
438 1915 508 1963 non
521 1896 693 1984 unguent,
703 1917 789 1977 quae
799 1897 841 1963 sit
851 1897 1000 1963 habendi

46 719 49 725 ’
153 711 209 790 Et,
223 705 519 773 tandemiutereos
532 702 1059 795 distractam,.ssuguiuemulto,.
1091 722 1095 729 ·

153 2006 260 2089 Finis,
273 2016 306 2070 et
317 2006 456 2071 omniuo
468 2009 581 2089 quoad
591 2018 713 2072 creseat
723 2028 803 2071 vera
815 2010 985 2095 voluptass
1035 2010 1092 2085 143¹

154 2117 260 2199 quue
272 2116 463 2181 minutatim
475 2117 577 2180 vitam
590 2117 743 2202 provexit
753 2118 791 2184 in
800 2121 920 2204 altum,

155 2228 195 2290 Et
206 2226 286 2291 belli
297 2245 434 2312 magnos
445 2229 626 2291 commovit
634 2228 784 2292 funditus
796 2238 915 2294 aestus.
1023 2216 1026 2221 ’

196 2334 367 2420 strigiles
379 2333 499 2397 mundi
509 2354 667 2422 magnum
682 2345 714 2399 et
726 2336 881 2399 vorsatile
894 2337 1048 2422 templum

155 2447 211 2508 Sol
226 2455 259 2507 et
270 2446 351 2507 luna
366 2466 426 2509 stro
443 2448 619 2511 lustrantes
629 2447 756 2511 lumine
768 2446 895 2510 eiremn

156 2553 363 2616 Perdoeuere
375 2554 543 2634 homines,
553 2573 719 2615 annorum
731 2560 881 2636 tempora
893 2551 996 2635 vorti,

156 2664 197 2723 Et
210 2670 298 2723 certa
311 2659 440 2721 ratione
449 2660 523 2744 geri
537 2681 624 2741 rem,
638 2670 737 2740 atque
749 2660 868 2724 ordine
878 2670 981 2724 certo.

196 2770 268 2832 Iam
278 2768 397 2832 validis
408 2769 513 2852 saepti
524 2772 686 2856 degebant
695 2770 843 2835 turribus
853 2790 991 2854 aerum,

72 2924 73 2927 ,
157 2877 197 2938 Et
208 2875 313 2939 divisa
324 2876 510 2960 colebatur,
523 2876 742 2961 discretaque,
756 2880 862 2942 tellus.

104 2998 108 3002 ·
197 2984 284 3046 Tum
296 3005 388 3049 mare
399 2985 550 3050 velivolis
562 2988 700 3050 florebat
712 2967 849 3071 propter
859 2989 996 3051 odores:

157 3090 290 3153 Auxilia
303 3100 335 3153 et
348 3092 469 3175 socios,
482 3093 548 3155 iam
564 3103 660 3176 pacto
673 3093 821 3176 foedere,
833 3095 1013 3157 habebant:

158 3197 368 3263 Carminibus
382 3220 484 3280 qrrom
495 3221 547 3264 res
559 3211 665 3286 gestas
678 3219 815 3284 coepere
829 3205 947 3284 poetae

158 3310 319 3386 Tradere3
333 3330 393 3372 uec
407 3312 516 3375 multo
526 3312 697 3393 priu’sunt
710 3315 873 3377 elementa
887 3321 1024 3398 reperta·
1107 3366 1109 3403 ,

158 3426 349 3506 Propterea,
364 3424 446 3505 quid
455 3424 497 3488 sit
509 3425 603 3508 prius
615 3436 741 3509 aetum,
755 3428 918 3511 respicere
929 3438 1017 3493 aetas
1107 3406 1109 3429 Ε

158 3539 274 3599 Nostra
286 3538 412 3621 nequit,
431 3538 495 3604 nisi
509 3561 575 3621 qna
587 3542 670 3604 ratio
684 3542 821 3630 vestigia
836 3552 1006 3607 monstrat.

199 3645 353 3732 Navigia,
368 3657 467 3728 atque
483 3668 555 3736 agn
545 3649 726 3731 culturas,
742 3651 888 3732 moenia,
903 3652 1008 3737 leges,

162 3751 324 3831 Arma,
293 3771 378 3846 vias,
393 3753 525 3839 vesteis,
539 3763 573 3818 et
583 3766 690 3820 cetera
704 3759 745 3821 de
758 3778 880 3844 genere
893 3761 1029 3837 horum,

784 4004 1109 4531 t
