2550 4726
262 355 755 437 nnnnucnn‘rlo.
827 362 847 395 ¹
921 384 996 442 m

57 517 145 616 sophos
165 520 383 593 innumerose
406 519 517 603 lustris
540 516 675 613 locisque
699 517 831 588 desertis
846 517 993 590 credibile

59 645 95 698 est
106 627 282 699 iamdudum
297 625 638 723 confluxurossuisse.
654 627 685 694 si
696 623 791 695 Deus
805 650 843 694 oc
859 625 993 697 Natura

57 738 137 808 iratis
165 739 359 812 animalibus
385 738 530 834 loquendi
556 735 773 831 scribendique
792 734 994 833 facultatem

55 853 265 921 accessissent.
310 850 397 947 lpse,
412 851 495 919 enim
510 848 618 947 focile
639 849 819 946 potuissent
845 847 994 946 prolixas

55 980 216 1028 ausorum
243 957 512 1050 imaginationum
536 959 818 1027 concatenationes
836 958 904 1028 siue
922 980 995 1028 cer·

54 1071 119 1138 nine
133 1071 199 1139 sive
218 1068 326 1139 soluto
340 1070 501 1142 oratione.
524 1076 684 1138 ornate'et
704 1070 825 1165 copiose
841 1065 994 1138 deducere

55 1198 239 1251 stonorrere.
255 1179 326 1249 Hoc
337 1203 410 1252 nero
416 1182 544 1278 proprie
550 1178 774 1278 ploilosopltari
781 1204 844 1250 non
859 1194 925 1255 est.
938 1177 996 1249 sed

54 1292 217 1362 materialia
235 1278 446 1382 αἰσθήματα
460 1281 518 1363 nal
535 1281 774 1384 φαντάσματα
788 1291 879 1360 inani
897 1313 994 1391 opera
1053 1302 1057 1309 '

55 1410 204 1472 recensere.
231 1399 329 1472 Haec
355 1400 528 1471 Henricus
555 1400 701 1490 Morus,
727 1400 935 1497 Theologuo
958 1412 995 1469 et

55 1506 274 1605 Philosophus
298 1509 461 1607 Anglus,
487 1509 526 1581 in
544 1509 803 1582 Confutatione
817 1507 995 1580 Cabbalae

56 1614 464 1714 ietopaedomelissaeae,
479 1620 589 1692 Tom.
612 1619 638 1690 L
667 1620 767 1716 Opp.
786 1620 994 1716 Philosoph.

57 1749 114 1826 lig·
128 1747 209 1818 5⁹7·
442 1756 446 1765 '

90 1838 351 1909 invocationem
373 1836 537 1925 Veneris,
567 1838 604 1908 in
630 1839 755 1910 limine
776 1838 858 1908 libri
886 1837 994 1932 primi

10 1958 12 1969 '
59 1941 213 2033 Lucretii,
231 1946 396 2039 exposuit
408 1946 550 2015 Gallicis
559 1946 718 2017 versibus
730 1947 895 2040 pluribus
905 1947 997 2015 Poe·

59 2051 106 2122 tria
125 2049 400 2152 ingeniosissima
419 2051 663 2123 Deshoulieoia
683 2054 789 2124 Tom.
803 2055 846 2123 ll.
871 2052 995 2124 carmi·

10 2236 15 2247 ,
59 2185 150 2252 num,
164 2160 347 2234 editorum
359 2161 496 2232 Gallice
509 2162 662 2234 Bruxell.
679 2164 782 2245 1708.
804 2164 837 2233 8.
851 2185 928 2258 pag.
942 2162 996 2231 80.

59 2272 200 2344 imitation
222 2273 259 2344 de
271 2273 435 2348 Lucrece,
460 2272 914 2372 engolimatiossaicexpre's.
938 2272 998 2345 De
1054 2341 1056 2346 .

59 2380 265 2456 invocatione
278 2383 338 2454 illa
349 2383 526 2457 videndus
540 2386 646 2473 etiam
659 2386 784 2459 Petrus
796 2386 996 2474 Victorius,

24 2582 27 2589 Ι
58 2489 194 2586 Epistola
207 2493 253 2564 ad
269 2495 441 2566 Ioannem
461 2495 593 2567 Caeam.
608 2496 660 2573 10.
680 2497 819 2569 Clerico
833 2497 908 2567 viro
931 2495 998 2567 do·

60 2602 194 2674 ctissimo
206 2603 314 2676 Tom.
332 2602 572 2677 xxvl.'1sib1.
587 2607 736 2678 selectae
748 2631 824 2705 pag.
848 2628 861 2674 1
869 2631 925 2696 54.
945 2629 998 2675 re·

59 2711 131 2782 ttius
147 2711 301 2784 facturus
322 2711 425 2784 fuisse
441 2709 585 2786 videtui
608 2713 813 2800 Lucretius,
837 2715 865 2782 si
878 2712 999 2783 Ratio·

58 2834 127 2890 nem
139 2813 387 2891 sive'Ment'em
400 2836 572 2913 tanquam
585 2820 708 2894 Deum
721 2820 760 2890 in
771 2816 896 2897 limine
912 2828 999 2911 poi·

57 2929 145 2999 matis
158 2929 297 3024 potius,
311 2955 423 3025 quom
435 2932 647 3020 Venerem,
669 2931 899 3024 implorasset.
925 2924 998 2999 Sed

57 3033 246 3127 Lucretius,
262 3039 418 3109 sensibus
430 3037 520 3133 'plns
541 3063 651 3132 qnam
666 3033 793 3111 rationi
816 3036 999 3122 tribuens,

56 3157 100 3216 et'
107 3150 371 3246 generationem
391 3151 509 3220 reruni
532 3150 679 3243 cupiens
694 3168 894 3240 exponere,
917 3147 1001 3218 nul·

54 3257 122 3330 lom
142 3261 250 3358 magis
269 3261 457 3356 physicum
477 3283 638 3348 numen,
667 3284 778 3357 qnam
795 3258 1000 3345 Venerem,

53 3370 221 3463 appellare
234 3395 270 3440 se
284 3395 386 3463 posse
401 3368 621 3445 existimavit.
635 3368 678 3446 In
688 3368 901 3439 'Lucretium
921 3363 1000 3437 scri·

46 3495 165 3570 pserat
178 3479 263 3548 olim
283 3479 387 3549 Velius
398 3481 542 3573 Longus,
557 3479 658 3548 cuins
675 3474 935 3560 commentarii,
951 3473 1001 3542 ci·

53 3590 142 3659 tatia
159 3589 315 3660 Charisio
328 3613 407 3688 pag·
425 3590 503 3674 187·
518 3588 602 3661 edit.
616 3588 837 3660 Putoch.iam
856 3581 998 3679 pridem

52 3699 267 3772 intercidere.
