2572 4732
174 336 214 420 9⁸
381 334 447 399 DE
469 334 655 397 RERUM
683 334 891 400 NATURA
963 356 996 400 v.
1017 338 1086 423 489.

123 494 127 499 ·
172 478 315 563 Desipit,
333 489 476 544 extentat
489 498 623 560 nervos,
639 485 824 562 torquetur,
841 478 979 545 anhelat

171 584 414 664 Incunctanter,
431 591 465 645 et
479 580 518 645 iu
528 580 681 644 iactando
698 583 847 644 membra
860 581 994 668 fatigat:

171 687 355 770 Nimirum,
375 687 452 769 quis
462 685 512 750 vis
524 687 651 769 morbi,
668 686 821 752 distracta
832 701 1014 776 peractus,

170 796 296 857 Turhat
305 813 404 881 agens
414 790 581 874 animam,
593 793 759 875 spumanti
768 795 852 859 utin
865 798 1089 877 aequoresalst

169 904 353 968 Ventorum
366 898 484 965 validis
497 899 682 965 fervescunt
692 898 818 963 viribus
833 902 951 965 undae.

168 1007 372 1093 Exprimitur
383 1026 485 1091 porro
493 1005 649 1093 gemitus,
664 1001 744 1085 quia
755 1005 904 1066 membra
916 1005 1032 1073 dolore

168 1108 384 1189 Afficiuntur3
397 1118 430 1172 et
442 1106 579 1181 omniuo
596 1107 687 1188 quod
701 1104 828 1169 semina
842 1105 934 1171 vocis

167 1215 369 1298 Eliciuntur,
386 1224 419 1279 et
427 1234 487 1278 ore
496 1215 584 1277 foras
590 1213 773 1300 glomerata
783 1210 949 1296 feruutur,

158 1310 242 1406 ¹Qua
255 1318 349 1401 quasi
366 1326 583 1400 consuerunt,
599 1325 632 1381 et
643 1324 720 1380 sunt
736 1313 865 1379 munita
881 1314 961 1381 viat.

166 1421 370 1506 Desipientia
383 1419 435 1503 fit,
450 1419 529 1502 quia
540 1420 590 1485 vis
601 1417 706 1483 animi
716 1429 815 1501 atque
825 1418 950 1485 animai

166 1531 408 1611 Conturbatur,
428 1538 475 1610 et,
486 1536 523 1591 ut
533 1526 650 1609 docui,
665 1524 791 1608 divisa,
806 1546 956 1593 scorsum

165 1635 378 1715 Disiectatur,
395 1635 512 1697 eodem
523 1631 582 1695 illo
597 1631 748 1696 distracta
759 1652 897 1697 veneno.

163 1744 264 1824 Inde,
282 1743 341 1807 uhi
353 1726 422 1806 iam
430 1741 540 1805 morbi
549 1740 674 1805 reflexit
691 1760 802 1824 eausa,
819 1742 971 1826 reditque

80 1916 88 1930 „
164 1848 205 1913 In
219 1830 360 1911 latebras
370 1865 447 1909 acer
461 1844 608 1928 corrupti
624 1844 772 1927 corporis
789 1844 930 1925 humor3

155 1954 268 2034 Tum,
278 1949 372 2032 quasi
384 1949 560 2033 vacillas,
576 1948 724 2033 primum
737 1948 923 2038 consurgit,
935 1959 969 2014 et
983 1948 1089 2017 omnel

163 2055 341 2121 Paullatim
350 2052 436 2119 redit
450 2052 487 2117 in
502 2073 631 2138 sensus,
644 2052 855 2135 animamque
867 2062 1022 2136 receptat.
1059 2055 1089 2121 δι

203 2161 295 2223 Haec
305 2157 408 2247 igitur
421 2156 519 2223 tantis
529 2157 590 2221 ubi
601 2156 727 2223 morbis
745 2176 883 2240 corpore
898 2156 935 2219 in
950 2156 1024 2240 ipso

162 2264 340 2345 lactentur,
349 2261 540 2342 miserisque
551 2259 677 2342 modis,
691 2260 859 2341 distracta,
872 2262 1042 2344 laborent3

163 2370 232 2433 Cur
246 2369 363 2430 eadem
374 2364 495 2447 credis,
507 2362 579 2428 sine
591 2382 729 2446 corpore
738 2408 748 2445 ,
757 2361 794 2425 in
804 2367 880 2428 aire
895 2374 1010 2447 aperto

162 2473 247 2549 Cupi
258 2468 376 2534 validis
386 2468 492 2533 ventis
502 2475 642 2532 aetatem
653 2468 773 2552 degere
787 2467 905 2548 posse?

202 2574 243 2633 Et
258 2571 415 2652 quoniam
428 2579 572 2635 mentem
586 2569 714 2652 sanari,
725 2588 844 2654 corpus
858 2579 895 2633 ut
907 2589 1061 2660 aegrum,

153 2675 351 2758 cernimus,
363 2683 397 2738 et
406 2673 493 2739 ilecti
507 2670 672 2737 medicina
683 2692 778 2756 posse
793 2673 960 2752 ridemus3

161 2782 202 2843 Id
211 2798 344 2862 quoque
357 2779 535 2867 praesagit,
548 2781 723 2843 mortalem
737 2777 851 2844 vivere
868 2791 1023 2845 mentem.

160 2887 291 2951 Addere
298 2885 387 2950 enim
396 2885 528 2971 parteis,
539 2895 596 2949 aut
604 2887 721 2955 ordine
730 2886 893 2971 traiicere,
901 2909 1089 2970 aequumes

85 3028 88 3033 ·
147 2996 227 3063 ‚Aut
236 2990 364 3073 aliquid
374 3011 527 3075 prorsum
541 2993 583 3056 de
593 3011 722 3055 summa
736 2992 907 3079 detrahere
917 2993 1045 3081 hilum,

133 3159 135 3163 .
160 3102 371 3164 commutare
381 3099 530 3163 animum
542 3098 732 3180 quicunque
745 3098 904 3186 adoritur,
913 3111 946 3165 et
954 3101 1048 3186 infit3

115 3286 118 3291 Ι
159 3207 225 3266 Aut
236 3202 337 3267 aliam
350 3201 499 3283 quamvis
513 3211 665 3266 naturam
678 3205 807 3268 flectere
823 3205 962 3286 quaerit.

160 3311 202 3371 At
215 3328 324 3390 neque
337 3308 503 3372 transferri
518 3308 583 3371 sibi
591 3309 712 3392 parteis
726 3330 787 3373 nec
797 3309 898 3375 tribui
908 3316 995 3398 volt,
1016 3390 1021 3399 .

160 3415 349 3481 Immortale
362 3406 454 3496 quod
465 3424 530 3498 cst,
542 3414 739 3501 quidquam,
752 3438 861 3501 neque
876 3420 1018 3490 defluere

678 3520 795 3586 hilum.

160 3627 243 3688 Nam
255 3627 473 3710 quodcunque
489 3624 556 3691 suis
567 3610 864 3725 mutatumfi'nibus
876 3629 959 3713 exit,

160 3732 326 3797 contiuuo
337 3736 402 3799 hoc
413 3752 502 3801 mors
513 3733 681 3822 estillius,
690 3738 781 3821 quod
791 3737 854 3805 iuit
867 3749 958 3811 antu
