2572 4732
384 348 588 411 LIBER
628 349 697 413 tv.
735 367 769 413 v.
791 365 879 426 1¹⁰4·
1047 350 1102 414 155

143 488 410 579 hdhguntauide
420 474 554 575 corpus,
566 489 775 579 iunguntque
784 492 904 557 salivas

146 599 224 664 Oris
231 644 242 681 ,
254 607 288 662 et
296 595 459 680 inspirant
466 643 477 680 ,
486 608 667 680 pressantes
680 598 831 661 dentibus
842 615 918 674 ora:

143 700 394 782 Nequidquam:
408 700 567 792 quoniam
580 699 666 764 nihil
678 699 756 762 inde
772 700 930 761 abradere
942 701 1090 779 possunt,

143 807 406 895 Neopenetrane‚
423 814 455 869 et
468 805 575 888 abire,
590 804 627 867 in
638 790 757 887 eorpus
769 823 908 886 corpore
917 810 996 865 toto.
1087 811 1092 819 '

145 912 230 976 Nam
240 909 348 974 faeere
361 907 526 975 interdum
538 912 638 993 velle,
649 918 682 974 et
696 920 833 992 certare,
844 908 1014 973 videntur:

147 1017 259 1097 Usque
272 1017 355 1080 adeo
374 1015 491 1099 cupide
501 1016 538 1080 in
550 1016 688 1082 Veneris
698 1015 910 1103 compagibus
921 1017 1073 1096 haerent,

147 1122 298 1184 Membra
309 1119 487 1205 voluptatis
505 1122 585 1184 dum
594 1119 630 1185 vi
637 1120 796 1183 labefacta
808 1117 1003 1200 liquescunt.

147 1229 314 1310 Tandem,
323 1228 387 1290 ¹ubi
400 1248 435 1291 se
449 1229 559 1311 erupit
570 1227 680 1293 nervis
692 1229 839 1291 conlecta
850 1224 987 1308 cupido,

148 1335 255 1397 Parva
267 1331 305 1394 fit
317 1330 444 1396 ardoris
459 1330 598 1395 violenti
609 1352 712 1415 pausa
725 1350 920 1417 parumper:

149 1434 232 1498 lnde
247 1433 333 1496 redit
352 1433 460 1498 rabies
472 1437 603 1517 eadem,
622 1446 655 1500 et
666 1437 763 1500 furor
771 1436 829 1499 ille
843 1432 971 1514 revisit,

150 1541 261 1624 Quom
270 1537 351 1620 sibi,
369 1541 457 1620 quod
467 1538 601 1622 cupiant
610 1540 690 1623 ipsi,
702 1540 893 1625 contingere
902 1542 1080 1618 quaerunt:

149 1644 217 1705 Nee
226 1640 380 1725 reperire,
394 1646 518 1707 malum
530 1643 567 1706 id
577 1654 713 1727 possunt
723 1665 809 1726 quae
819 1640 1109 1707 machinavincat:

152 1747 264 1828 Usque
275 1748 359 1810 adeo
371 1746 487 1811 incerti
501 1751 671 1812 tabescunt
682 1751 816 1812 volnere
830 1768 937 1812 caeco.

190 1854 304 1936 Adde,
320 1854 593 1933 quodabsumunt
608 1875 741 1936 nervos,
751 1864 956 1937 pereuntque
968 1853 1100 1917 labore:

151 1956 261 2037 Adde,
286 1957 376 2035 quod
388 1956 519 2019 alterius
534 1958 595 2018 sub
610 1965 693 2018 nutu
705 1957 833 2042 degitur
848 1969 945 2017 aetas.
1033 1956 1109 2017 111ss

150 2060 287 2123 Labitur
304 2060 434 2123 interea
446 2081 513 2143 res,
528 2071 560 2123 et
571 2060 760 2124 vadimonia
776 2060 875 2138 fiunt:

151 2166 324 2252 Languent
341 2162 463 2247 officia,
479 2175 577 2246 atque
590 2176 739 2252 aegrotat
757 2167 847 2228 fama
860 2164 1037 2228 vacillans:

154 2272 345 2357 Unguenta,
364 2280 394 2334 et
405 2274 545 2357 pulchra
557 2273 594 2335 in
605 2272 744 2355 pedibus
753 2272 927 2357 Sicyonia,
939 2272 1050 2335 rident
1078 2320 1081 2329 ,
1161 2260 1165 2267 “

154 2375 299 2454 δοίἰίοοί;
313 2385 346 2438 et
359 2381 499 2462 grandes
516 2378 616 2443 viridi
628 2371 704 2443 eum
718 2381 792 2443 luce
804 2376 971 2464 smaragdi

155 2481 244 2549 Auro
256 2479 485 2564 includuntur,
503 2483 684 2565 teriturque
700 2483 874 2547 thalassina
891 2481 990 2548 vestis
1075 2505 1076 2509 ’

155 2588 307 2672 Amidae,
322 2600 353 2652 et
361 2592 500 2657 Veneris
511 2595 666 2657 sudorem
677 2592 820 2678 exercita
832 2602 941 2676 potat:

156 2694 196 2757 Et
207 2696 293 2760 bene
303 2705 396 2779 parta
405 2707 536 2780 patrum
547 2698 630 2762 fiunt
641 2699 852 2779 anademata,
866 2696 998 2759 mitrae:

157 2794 327 2858 Interdum
333 2797 371 2862 in
378 2797 797 2882 pallam,atquehlidensia‚
805 2796 1110 2876 Ghiaqueflortunt·

157 2897 285 2961 Eximi:
301 2910 390 2965 veste
405 2911 438 2964 et
450 2900 539 2963 victu
553 2899 720 2981 convivia,
737 2899 824 2978 ludi,

152 2999 279 3062 Pocula
289 3003 418 3083 erebra,
431 3012 615 3088 unguenta,
627 2996 780 3089 abeonae,
789 3008 890 3080 serta,
901 3005 1073 3080 parantum

157 3101 407 3186 Nequidquam:
422 3094 581 3189 quoniam
592 3107 703 3170 medio
715 3110 756 3170 de
770 3107 861 3169 fonte
872 3107 1025 3188 leporum

158 3205 268 3295 Surgit
277 3213 383 3275 amari
392 3215 535 3298 aliquid,
553 3217 644 3296 quod
655 3214 692 3277 in
704 3213 783 3300 ipsis
796 3213 930 3276 floribus
941 3221 1056 3298 angat:

157 3316 224 3376 Aut
232 3336 335 3396 quom
344 3324 492 3387 conscius
501 3323 572 3407 ipse
582 3322 712 3387 animus
722 3343 757 3387 se
767 3323 851 3386 forte
864 3322 1029 3385 remordet
1034 3363 1046 3413 2

159 3419 327 3487 Desidiose
342 3447 439 3513 agere
451 3441 610 3513 aetatem,
625 3429 799 3509 lustrisque
812 3425 941 3511 perire3

159 3531 224 3592 Aut
234 3535 325 3611 quod
335 3534 371 3597 in
383 3537 540 3623 ambiguo
555 3540 695 3601 verbum
708 3536 849 3598 iaculata
862 3530 1013 3612 reliquit:

162 3632 275 3731 Quod,
289 3641 412 3722 cupido
426 3640 572 3702 adfixum
590 3639 682 3703 cordi
687 3634 855 3722 ,'viveecit‚
868 3646 903 3698 ut
915 3633 1020 3720 igm‘sa
1071 3672 1073 3676 ι

164 3751 228 3814 Aut
246 3746 388 3812 nimium
403 3746 523 3811 iactare
536 3745 665 3829 oeulos,
677 3742 822 3808 aliumve
837 3739 939 3823 tueri,
