2572 4732
320 335 523 400 LIBER
563 341 605 406 V·
645 342 776 404 v.8to.
837 382 841 392 ·
969 365 1025 427 ¹9¹

65 481 106 545 Id
120 479 197 545 lieet
207 479 288 544 hine
305 480 456 561 quamtis
469 482 581 545 hebeti
599 502 796 570 cognoscere
813 488 922 550 eorde.

107 587 295 671 Principio,
313 587 437 675 circum
455 588 558 652 tribus
573 590 651 653 netis
665 590 806 676 impiger
820 592 917 658 armis

67 699 178 761 Floret
190 716 310 776 equus:
328 715 412 777 puer
425 695 516 756 haud
526 694 573 756 ita
583 714 768 775 quaquama
782 714 880 780 saepe
896 697 997 761 etiam

598 819 689 862 nune

68 907 180 967 Ubera
194 922 414 966 mammarum
427 902 601 967 insomnis
615 905 770 968 lactantia
780 907 919 988 quaerit.

67 1008 160 1087 Post,
172 1006 230 1067 ubi
242 1027 364 1085 equum
377 1005 507 1069 validae
520 1007 620 1089 vires,
637 1021 742 1074 aetate
758 1023 906 1094 senecta,

68 1112 285 1189 Membraque
299 1108 475 1189 deficiunt,
489 1109 629 1196 fugienti
642 1113 800 1200 laugnida
816 1116 899 1194 vita3

70 1225 158 1284 Tum
168 1224 320 1300 demum,
338 1219 460 1303 puerili
473 1239 556 1285 aevo
567 1226 722 1308 florente,
735 1226 886 1290 iuventas
937 1266 941 1273 ·

70 1332 199 1416 officit,
212 1344 245 1398 et
258 1333 354 1397 molli
366 1331 461 1395 restit
477 1333 635 1421 lanugine
650 1337 772 1398 malas:

71 1444 120 1505 Ne
133 1441 217 1505 forte
233 1463 274 1504 ex
290 1438 428 1503 homine
442 1449 475 1503 et
485 1439 636 1503 veterino
649 1438 776 1504 semine
786 1458 950 1522 equorum

72 1545 219 1609 Confieri
238 1550 351 1610 credas
365 1551 545 1610 Centauros
560 1566 670 1630 posse,
682 1568 790 1628 neque
804 1568 891 1626 esse3

72 1657 152 1737 Aut,
167 1655 292 1719 rabidis
307 1655 444 1720 canibus
456 1652 652 1739 succinctas,
667 1655 886 1720 semimarinis

72 1765 276 1846 Corporibus
288 1752 428 1846 Scyllas,
444 1772 476 1825 et
487 1774 594 1826 cetera
608 1765 649 1826 de
660 1784 782 1850 genere
793 1765 932 1846 borum,
1016 1791 1020 1797 ·

71 1870 163 1931 Inter
176 1890 210 1930 se
226 1888 370 1948 quorum
385 1867 550 1931 discordia
564 1871 713 1931 membra
728 1870 900 1933 videmus:

72 1979 168 2061 Quae
180 1994 287 2054 neque
295 1975 471 2036 florescunt
480 1973 621 2055 pariter,
632 1994 694 2035 nec
704 1977 825 2037 robora
835 1983 971 2039 sumunt

72 2082 293 2164 Corporibus,
307 2099 414 2161 neque
428 2076 604 2160 perficiunt
620 2088 725 2141 aetate
741 2092 890 2144 senecta:
971 2084 1031 2166 894

73 2192 142 2252 Nec
153 2188 255 2252 simili
264 2192 394 2253 Venere
404 2189 596 2268 ardescunt,
613 2207 675 2250 nee
689 2187 837 2254 moribus
847 2188 923 2255 onis

74 2294 304 2375 Conveniunt,
320 2314 381 2356 neo
389 2301 467 2357 sunt
475 2294 589 2355 eadem
601 2288 745 2353 iocunda
754 2311 814 2374 per
824 2304 924 2385 artus3

74 2402 209 2488 Quippe
225 2401 338 2463 videre
352 2400 429 2464 lieet
437 2400 652 2486 pinguescere
661 2418 760 2482 saepe
769 2394 876 2462 cicuta

74 2506 268 2592 barbigeras
282 2505 440 2587 pecudes,
452 2502 582 2566 homini
592 2522 676 2584 quae
687 2512 735 2566 est
748 2522 824 2565 acre
835 2521 1013 2567 venenum.

114 2610 262 2672 Flamma
273 2606 407 2689 quidem
423 2626 503 2670 vero
512 2626 615 2688 quom
628 2624 768 2690 corpora
778 2605 870 2669 fulva
880 2606 1015 2669 leonum

72 2717 158 2778 Tam
170 2716 272 2780 soleat
282 2725 406 2778 torrere
417 2723 516 2794 atque
526 2734 640 2796 urere,
656 2735 757 2795 quam
767 2722 980 2802 genus'omne

75 2815 234 2897 visceris,
248 2817 284 2880 in
296 2816 390 2883 terris
401 2819 624 2899 quodeunque
635 2827 667 2880 et
682 2817 854 2903 sanguinis
869 2827 989 2882 exstet:

73 2911 143 3004 Qui
156 2918 229 2983 fieri
241 2922 363 3004 potnit,
382 2921 507 3007 triplici
522 2944 598 2986 cum
614 2942 753 3005 corpore
768 2932 804 2986 ut
817 2943 886 2986 una

73 3022 187 3085 Pnima
197 3024 268 3105 leo,
279 3035 444 3107 postrema
455 3029 572 3110 maen,
587 3027 697 3089 media
709 3027 782 3111 ipsa
792 3026 985 3113 Chimaera,

76 3130 145 3192 Ore
156 3130 249 3194 ferox
259 3112 369 3195 aerem
382 3130 505 3196 efflaret
519 3134 561 3195 de
573 3122 711 3215 corpore
727 3133 919 3194 flammam?

117 3239 245 3320 Quare,
259 3234 359 3299 etiam
373 3236 491 3299 tellure
504 3255 607 3317 nova,
622 3237 781 3316 coeloque
792 3235 934 3318 recenti,

75 3342 168 3403 Talia
182 3340 240 3420 qui
254 3340 351 3426 fingit
365 3341 510 3424 potuisse
524 3341 681 3405 animalia
697 3341 804 3430 gigni,

76 3444 179 3509 Nixus
196 3443 232 3506 in
245 3445 308 3508 hoe
321 3465 390 3508 uno
404 3445 558 3510 novitatis
570 3449 706 3512 nomine
718 3448 826 3528 inani;

75 3551 184 3614 Multa
200 3550 276 3614 licet
285 3549 386 3614 simili
401 3551 528 3615 ratione
542 3549 670 3616 effirtiat
685 3574 753 3617 ore.

76 3663 186 3724 Aurea
199 3670 269 3724 tum
284 3658 370 3722 dicat
383 3676 444 3741 per
459 3666 560 3720 terras
571 3657 707 3721 flumina
719 3660 820 3746 volgo

49 3756 54 3767 “
77 3763 241 3856 fluxisse,
254 3773 287 3829 et
296 3760 436 3850 gemmis
452 3761 569 3825 florere
582 3762 715 3827 arbusta
729 3762 852 3828 suisset
