2550 4726
195 392 203 412 .
240 304 254 312 ⁶
286 370 307 437 1
498 342 783 420 urrunnu
812 349 1029 417 unrunn

347 497 472 562 tinxerat,
484 515 514 549 v.
527 499 575 565 830
583 529 594 542 -
604 514 663 566 919·
679 496 810 549 Postremo
822 513 909 567 magna
923 512 979 546 curn
995 493 1120 564 gravitate
1131 508 1241 563 progre-

348 588 512 650 diturudid,
522 601 553 638 ut
563 586 698 648 ostendat,
708 587 859 638 universum
870 601 930 637 esse
942 601 976 637 ex
984 585 1055 635 omni
1067 595 1142 652 parte
1153 580 1243 634 infini-

350 692 419 742 tum,
432 679 581 747 corpuscula
595 693 649 729 esse
661 693 766 727 numero
783 673 897 738 infinita,
912 688 940 728 et
951 676 1023 728 inane
1036 675 1112 726 uutiis
1127 674 1243 727 terminis

346 767 528 836 comprehendi
542 782 631 834 posse,
642 781 670 817 v.
686 779 736 830 9²0
748 793 759 805 -
772 778 846 826 ¹050·
867 763 904 814 Ac
917 774 1052 830 postquam
1066 777 1112 813 cos
1130 761 1243 826 refellit,

351 861 396 928 qui
413 859 572 916 existimant,
585 873 641 908 esse
653 854 755 923 aliquod
768 852 798 904 iu
813 852 936 905 universo
953 864 1064 904 centrum
1074 889 1082 915 ,
1092 869 1145 919 quo
1156 852 1242 922 gravia

345 950 467 1005 deorsum
479 949 599 1009 tendant,
613 947 678 999 levia
696 959 789 1014 sponte
806 960 852 995 sua
871 961 971 995 sursum
983 944 1111 1006 ferantur,
1130 943 1240 1013 ideoque

348 1039 528 1101 antichthonas
541 1053 611 1101 esse,
621 1056 649 1092 vt
661 1042 722 1102 1'051
733 1065 745 1080 ·
756 1036 831 1088 1082.
841 1034 905 1087 libro
918 1035 998 1103 primo
1008 1033 1085 1088 finem
1095 1035 1215 1105 imponit.

285 1165 514 1300 Auruncu
523 1231 873 1320 genetrix‚hotninum
883 1231 1242 1318 divomquevolupias,

282 1340 378 1400 Alma
389 1340 515 1415 Venus,
527 1334 610 1396 coeli
622 1337 734 1398 subter
746 1333 891 1396 labentia
905 1332 999 1420 signa

279 1445 376 1526 Quae
389 1459 480 1501 mare
493 1458 539 1501 na
562 1434 701 1516 ''erum,
712 1455 798 1516 quae
814 1445 914 1497 terras
928 1434 1174 1522 frugiferenteis

281 1549 512 1622 Concelebras3
531 1454 631 1625 lte
643 1538 799 1633 quoniam
809 1560 913 1626 genus
926 1559 1025 1603 omne
1033 1541 1244 1609 animantum

283 1651 490 1733 Concipitur,
502 1649 642 1728 visitque
655 1652 805 1710 exortum
816 1642 946 1708 iumine
958 1647 1050 1710 solis:
1192 1653 1194 1655 ’

252 1734 264 1839 i
278 1758 347 1838 Te,
360 1756 443 1837 Dea,
459 1765 490 1817 te
498 1754 632 1840 fugiunt
646 1752 772 1834 remei,
785 1763 818 1814 te
832 1751 946 1815 nubila
957 1753 1061 1836 coeli,

224 1860 230 1931 't
281 1867 533 1942 Adventumque
545 1872 654 1923 tuum:
670 1858 730 1921 tibi
744 1859 872 1937 suavcis
884 1861 1022 1921 daedata
1032 1863 1131 1927 tellus

221 1970 228 2033 F
282 1964 660 2042 Summittitflores31ibi
676 1963 783 2026 rident
793 1981 940 2044 'aequora
953 1962 1061 2046 ponti,

200 2038 224 2137 i
281 2070 516 2149 Placatumque
529 2067 610 2131 nitet
624 2064 743 2131 diffuso
756 2068 883 2131 lumine
898 2070 1038 2131 coelum.
1137 2084 1145 2097 ·

195 2146 220 2209 ³¹
282 2178 383 2257 Nam,
394 2174 493 2238 simul
505 2194 544 2237 ac
560 2174 854 2257 speciespatefacta
866 2183 913 2238 est
923 2193 1026 2237 verna
1036 2171 1122 2259 diei,
1203 2198 1242 2240 ιο

249 2310 254 2333 ι
281 2280 322 2342 Et
333 2290 475 2342 reserata
484 2279 574 2364 viget
590 2281 776 2365 genitabilis
788 2301 869 2344 aura
882 2275 1019 2364 Favoni,

282 2370 398 2446 neriae
411 2384 558 2467 primum
570 2388 720 2448 volucres
732 2396 779 2466 te,
791 2385 892 2466 Diva,
905 2394 1065 2464 tuumque

119 2510 126 2523 ’
225 2478 233 2559 i
267 2486 472 2574 ,Significant
484 2486 621 2570 initum,
632 2491 800 2571 perculsae
813 2491 915 2552 corda
930 2498 986 2550 tua
999 2488 1044 2550 vi.

230 2592 238 2657 ἔ
254 2612 263 2687 5
281 2595 363 2656 Inde
376 2594 479 2675 ferae,
488 2597 630 2677 pecudes
641 2598 823 2678 persultant
835 2599 957 2679 pabula
971 2599 1073 2679 laeta,

229 2662 237 2773 i
252 2692 262 2779 ξ
281 2700 321 2760 Et
335 2697 468 2782 rapidos
481 2708 611 2762 tranant
624 2699 764 2777 amneis;
775 2699 827 2762 ita
832 2746 842 2782 ,
857 2711 950 2783 capta
962 2701 1092 2784 lepore,

279 2802 513 2884 Itlecebrisque
527 2803 590 2866 tuis
604 2802 713 2866 omnis
726 2814 842 2867 natura
857 2805 1064 2870 animantum

281 2909 329 2969 Te
338 2907 485 2988 sequitur
495 2908 627 2991 cupide,
638 2929 704 2988 quo
714 2929 879 2990 quamque
892 2911 1049 2974 inducere
1065 2913 1188 3001 pergis.

280 3014 432 3094 Denique
442 3036 501 3096 per
512 3013 631 3096 maria,
643 3035 682 3077 ac
692 3017 846 3096 mouteis‚
857 3016 1037 3098 fluviosque
1048 3021 1215 3105 rapaceis,

280 3120 553 3201 Frondiferasque
566 3121 680 3184 domos
690 3121 801 3183 avium
808 3167 818 3202 ,
830 3142 1027 3205 camposque
1040 3123 1216 3210 virentem,

98 3248 104 3275 e
134 3234 141 3285 t
226 3240 236 3285 t
281 3218 446 3287 Omnibus
459 3223 621 3288 incutiens
634 3228 794 3289 blandum
807 3248 868 3310 per
880 3240 1014 3310 pectora
1028 3249 1195 3313 amorem,

131 3308 134 3321 ¹
234 3306 237 3315 ¹
280 3323 402 3406 micis,
413 3333 449 3387 ut
464 3326 581 3410 cupide
592 3325 774 3411 generatim
786 3330 870 3389 secla
882 3339 1076 3416 propagent.

320 3433 584 3518 Quaequoniam
595 3400 709 3494 reruni
722 3443 875 3497 naturam
887 3438 957 3499 sola
969 3440 1155 3529 gubernas,

278 3535 346 3595 Nec
358 3535 468 3598 sinete
483 3536 663 3617 quidquam
680 3535 749 3600 dias
763 3536 800 3600 in
816 3539 950 3603 luminis
963 3561 1038 3605 oras

280 3639 446 3724 Exoritur,
456 3663 562 3723 neque
574 3641 611 3704 fit
623 3643 747 3704 laetum
760 3666 867 3727 neque
878 3646 1020 3710 amabile
1033 3647 1237 3731 quidquam

281 3753 328 3814 Te
339 3747 462 3814 sociam
477 3753 592 3814 studeo
605 3750 787 3817 scribundis
804 3753 951 3819 versibus
964 3775 1051 3839 esse,
