2550 4726
316 343 521 407 mann
560 340 613 404 11.
653 344 777 427 aue
983 335 1021 408 6³

103 494 277 557 Praeterea
291 508 395 576 genus
410 488 609 571 humanum,
624 494 802 568 mutaeque
814 491 965 551 natantes

61 592 312 683 squamigerum
328 596 487 678 pecudes,
502 593 630 656 etlaeta
644 602 809 673 armenta,
827 592 998 675 ferreque,
1081 600 1084 606 '

58 702 100 765 Et
113 702 225 765 variae
234 702 403 782 volucres,
415 697 573 762 laetantia
586 716 672 779 quae
680 700 753 761 loca
766 716 929 778 aquarum

58 805 316 886 Concelebrant,
332 802 459 866 circum
473 803 577 885 ripas,
592 802 792 883 ionteisque,
808 803 981 884 lacusqu'c3

56 913 100 974 Et
110 931 197 992 quae
205 911 401 996 pervolgant
416 926 552 973 nemora
570 907 643 972 avia
656 906 908 991 pervolitantes:

56 1017 192 1078 Horum
206 1036 312 1077 unum
326 1008 467 1097 quodvis
477 1014 661 1103 generatim
677 1032 807 1079 sumere
822 1025 942 1101 perge;

56 1121 214 1184 Invenies
234 1133 345 1185 tamen
358 1123 446 1186 inter
457 1142 493 1186 se
507 1119 641 1185 differre
655 1119 780 1208 figuris.

55 1228 128 1289 Nec
143 1227 270 1290 ratione
284 1226 352 1289 alia
364 1229 476 1311 proles
496 1210 693 1314 cognoscere
705 1233 863 1308 matrem,

56 1333 134 1403 Nec.
141 1341 246 1393 mater
258 1339 368 1414 posset
384 1331 533 1413 prolem:
547 1332 638 1412 quod
652 1336 747 1414 posse
757 1329 925 1410 videmus;

56 1439 129 1499 Nec
145 1434 269 1519 minus,
286 1422 385 1519 atquc
399 1437 569 1521 homines,
583 1437 670 1501 inter
686 1456 722 1501 se
738 1438 952 1527 notancluere.

56 1547 145 1607 Nam
157 1563 256 1629 saepe
266 1556 342 1610 ente
357 1544 467 1610 neum
481 1543 609 1612 ‘vitulus
625 1546 766 1611 delubra
781 1545 900 1608 decora

55 1647 268 1713 Turicremas
283 1658 420 1734 propter
434 1652 594 1716 mactatus
611 1648 756 1715 concidit
773 1667 865 1733 tras,

55 1752 236 1838 Sanguinis
247 1752 417 1837 exspirans
430 1754 577 1823 calidum
588 1755 631 1818 de
644 1762 781 1843 pectm
794 1754 937 1818 flumen:

54 1859 236 1941 Armatur,
254 1858 390 1923 uirideis
406 1862 506 1925 saltus
521 1861 637 1923 orbata
652 1866 853 1947 peragrans,
994 1854 997 1859 ’

54 1962 195 2044 Linquit
214 1965 310 2026 humi
323 1954 464 2046 pedibus
478 1966 616 2051 vestigia
631 1986 742 2048 pressa
754 1964 904 2047 bisulcis,
991 2046 994 2051 Ι

54 2067 184 2131 Omnia
199 2065 372 2128 convisens
390 2067 494 2130 oculis
504 2066 635 2150 ioca‚si
645 2075 744 2149 queat
755 2086 896 2148 usquam
960 2060 1019 2150 367

57 2169 262 2254 Conspicere
278 2170 435 2234 amissum
449 2173 573 2250 fetum3
595 2174 806 2257 completque
819 2173 977 2254 querelis·

55 2276 296 2340 Frondiferum
305 2296 443 2360 nemus,
460 2277 636 2358 adsistens3
649 2288 682 2363 et
693 2282 808 2363 crebra
820 2278 935 2346 revisit
949 2355 971 2363 ss

55 2384 306 2468 Adstabulum,
323 2384 490 2455 desiderio
506 2380 635 2472 perfixa
651 2378 803 2454 iuuenci:

55 2493 127 2553 Nec
140 2499 270 2554 tenerae
285 2489 414 2576 salices,
432 2492 532 2576 atq'ue
544 2496 668 2561 herbae
678 2518 755 2563 rore
769 2499 918 2585 vigentes
924 2482 942 2581 ,¹

55 2593 277 2677 Fluminaque
286 2595 357 2659 ulla
369 2592 512 2683 queunt,
528 2598 666 2673 summis
679 2592 826 2667 tinentia
845 2602 944 2688 ripis,
1000 2618 1004 2623 '
1122 2596 1125 2602 ²

56 2702 233 2765 Oblectare
245 2701 414 2787 animum,
432 2704 643 2799 sonitumque·
655 2696 807 2776 avotiere
825 2731 959 2776 curam:

55 2808 126 2868 Nec
137 2804 319 2869 vitulorum
332 2806 419 2872 aliae
428 2806 553 2893 sficcies
566 2830 627 2896 per
639 2816 764 2896 pabula
778 2818 865 2881 laeta

55 2912 220 2977 Derivare
238 2922 365 2995 queunt
379 2919 544 3000 animum,
559 2932 705 3002 curaque
717 2923 845 2984 levare:
913 2975 915 2978 .

57 3024 174 3102 Usque
184 3022 267 3085 adeo
278 3017 439 3104 quiddam
448 3026 624 3109 proprium
634 3008 819 3107 notuinque
831 3026 982 3106 requirit.

59 3129 235 3190 Praeterea
250 3110 356 3192 teneri
373 3127 520 3193 tremulis
538 3150 614 3192 cum
629 3131 768 3195 vocibus
781 3131 882 3194 haedi
947 3129 950 3133 ’

57 3229 259 3316 Cornigeras
269 3243 394 3295 norunt
404 3243 526 3296 matres
534 3232 706 3320 ,agnique
724 3234 850 3318 petulci

57 3337 213 3400 Balatum
231 3336 393 3420 pecudes:
408 3336 473 3420 ita,
489 3339 581 3420 quod
598 3348 716 3401 natura
732 3338 892 3424 reposcit,

56 3439 112 3504 Ad
124 3459 184 3501 sua
193 3439 332 3537 quisque
343 3440 412 3503 fere
424 3443 604 3505 dicturiunt
617 3444 720 3506 ubera
734 3436 838 3506 iactis.

100 3528 271 3609 Postrc'riio
285 3546 426 3628 quodvis
442 3543 663 3631 frumentum,
678 3566 747 3611 non
762 3558 873 3612 tamen
885 3558 1000 3635 omne,

57 3655 227 3739 Quodque
238 3674 299 3718 suo
311 3675 450 3742 genere,
466 3642 722 3721 interscsinriIe
725 3658 793 3722 e'sse
803 3654 947 3745 videbis,

56 3763 154 3851 Quin
168 3764 367 3832 intercurrat
380 3766 545 3850 quaedam
563 3760 717 3833 distantia
733 3752 868 3848 iormis3
