2550 4726
285 389 368 446 xxn
432 354 559 446 nor.
582 367 673 442 ιη’.
694 365 757 454 nu
778 366 823 438 r.
845 365 1100 440 Lucnuno.

327 577 492 650 Porrus
511 590 615 671 Quos
631 573 859 644 Lucurrrus
879 588 1076 642 rurrurus
1095 587 1205 643 surr.

332 709 456 780 Poe'tas
469 708 626 780 imitatus
640 731 711 778 esse
724 705 908 778 Lucretius
921 704 1129 798 cumprimis
1142 704 1248 776 vide·

283 835 361 907 tur,
382 845 401 890 e
414 818 553 889 Graecis
569 819 772 888 Homerum
786 834 822 887 et
837 815 1117 910 Empedoclem,
1142 841 1162 885 e
1177 814 1248 886 La-

281 928 363 999 tinis
377 927 543 998 Ennium.
570 925 725 996 Lucretii
736 925 877 1024 vestigia
889 948 965 996 non
979 924 1112 1018 puduit
1125 926 1246 1022 legere

281 1035 474 1134 Virgilium
491 1036 528 1106 in
543 1036 740 1131 Georgicis:
764 1058 884 1132 neque
904 1058 1043 1128 semper
1057 1059 1140 1106 eum
1156 1035 1245 1106 vicit

280 1164 343 1218 aut
367 1157 449 1241 post
469 1172 505 1218 se
524 1147 690 1239 reliquit,
713 1163 755 1218 ut
778 1146 912 1218 iudicat
932 1143 1133 1216 Alexander
1150 1146 1246 1234 Ros·

279 1280 397 1340 saeos,
413 1259 475 1349 qui
489 1256 735 1328 locelsucretii
750 1258 1020 1330 nonnullarum
1038 1255 1243 1354 Virgilianis

280 1365 437 1438 contulit
452 1365 544 1437 libro
557 1365 662 1439 tertio
679 1364 816 1463 Virgilii
836 1365 1108 1458 triumphantis,
1123 1366 1243 1458 capite

278 1491 334 1546 vr.
349 1474 612 1546 obscuritatem
633 1474 673 1545 in
690 1472 857 1547 Lucretio
879 1475 1110 1569 reprehendit
1130 1475 1246 1547 Palla·

276 1583 423 1656 vicinus
438 1586 474 1657 N
477 1610 526 1656 on
541 1609 631 1679 opus
641 1603 690 1658 est
704 1609 851 1657 monere
865 1585 1038 1675 eruditos,
1051 1610 1243 1656 commen·

276 1694 392 1764 titiam
411 1718 481 1763 esse
495 1695 762 1786 inscriptionem
773 1695 1023 1783 Caesenatem,
1037 1696 1186 1766 obviam
1200 1697 1241 1768 in

188 1822 192 1830 ·
276 1802 360 1874 Aldi
387 1804 538 1872 Masurii
562 1805 825 1907 Orthographia
846 1829 925 1903 pag.
955 1828 1032 1899 129.
1059 1823 1095 1876 et
1120 1805 1241 1876 Fulvii

275 1907 391 1980 Ursini
415 1912 649 2009 imaginibus,
672 1929 784 2006 atque
812 1913 910 2007 apud
933 1911 1127 1987 Gruterum
1157 1939 1239 2012 pag.

276 2035 495 2089 ccccxxxn.
513 2043 545 2092 n.
567 2022 853 2115 laudatamquea
876 2020 1089 2107 Mabillonio
1102 2020 1238 2095 itineris

273 2122 384 2195 Italici
398 2151 475 2225 pag.
490 2151 545 2216 42.
560 2119 597 2198 ei
609 2127 790 2201 Bernardo
800 2130 990 2201 Manzonio
1011 2131 1048 2200 in
1064 2129 1236 2204 Chrono-

272 2231 366 2328 logia
388 2235 559 2307 Caesenae
572 2261 650 2333 pag.
670 2239 749 2309 126.
768 2236 876 2310 Tom.
888 2236 952 2310 IX.
971 2236 1143 2310 Thesauri
1161 2239 1236 2310 Ita·

271 2341 338 2410 liae
355 2360 454 2434 parte
474 2363 559 2415 vm.
580 2346 619 2414 Α.
636 2345 783 2416 Lucretii
795 2345 955 2419 Historici
967 2373 1006 2418 ac
1016 2348 1136 2421 Poetae
1143 2348 1235 2420 Con·

273 2449 387 2519 clitoris
403 2453 580 2525 verissimi.
605 2455 658 2524 eui
672 2453 708 2522 ol
729 2456 952 2526 excellentiam
975 2458 1098 2549 ingenii
1116 2474 1233 2530 statua

271 2559 518 2636 concionatore
532 2559 670 2652 civius
683 2561 856 2640 Caesenae.
869 2565 1004 2638 Roman.
1016 2567 1164 2644 Coloniae
1173 2569 1231 2640 de-

273 2669 389 2738 ductae
400 2673 432 2742 in
451 2670 509 2741 loe
522 2695 614 2741 sacro
629 2689 736 2743 monte
753 2673 911 2746 dedicato.

319 2773 668 2871 Claudantpraesene
682 2777 728 2852 de
741 2779 907 2877 Lucretio
923 2799 1031 2880 caput
1050 2784 1088 2856 hi
1108 2809 1230 2862 versus

93 2870 96 2875 ⁵
200 2928 204 2943 ι
268 2881 489 2958 Marulliani:
579 2916 583 2926 ·

346 3060 348 3064 ,
364 2998 462 3070 Amor
482 2997 628 3075 Tibulle.
645 3001 739 3074 Mors
755 3001 813 3072 rili
824 2999 916 3075 Mero
930 2999 1038 3078 delet.

467 3106 616 3181 Terentio
633 3134 742 3180 soccus
760 3111 846 3182 levis.
951 3120 952 3123 ’

364 3211 548 3285 Cotkurnus
563 3215 640 3286 olim
655 3219 775 3287 nemini
790 3217 871 3287 satir
884 3217 1040 3294 multum.

458 3322 598 3395 Horatio
617 3319 721 3397 satira
737 3343 771 3395 et
789 3326 901 3422 chelys.

361 3427 496 3501 Natura
513 3433 628 3525 magni
643 3431 784 3502 versibus
796 3432 942 3504 Lucretii

457 3537 575 3639 Lepore
592 3562 696 3611 museo
713 3539 821 3613 illitis.

625 3760 866 3786 Μ-
