2572 4732
287 362 293 371 ·
387 333 593 429 utinen
631 334 712 399 111.
750 337 875 419 nep.
1076 338 1116 420 9⁵

137 478 264 573 Quum
276 481 461 570 primordia
472 468 649 549 sentiscdnt
660 503 817 550 concussa
834 482 959 548 animai
965 530 976 566 ,

137 584 304 673 Semina,
317 591 510 675 corporibus
523 588 644 654 nostris
654 587 806 653 immixta
820 611 881 673 per
893 600 999 669 artus3

137 686 197 759 Et
207 713 325 776 quam,
340 692 523 758 intervallis
539 690 637 756 tantis
655 691 848 781 tuditantia,
861 691 989 775 possint

205 816 379 883 neumare,
395 800 500 883 coire,
516 809 549 865 et
563 799 735 863 dissultare
750 798 907 864 vicissim.

159 974 163 981 ,
195 905 235 968 Et
246 904 351 989 magis
364 912 412 967 est
426 902 557 966 annuus
568 902 652 965 vitai
666 902 806 965 claustra
819 908 989 988 coercens,

167 988 171 995 ⁵
203 996 433 1075 'commender
445 1011 488 1072 ad
504 1008 625 1092 vitam,
646 1030 746 1090 quam
762 1007 813 1074 vis
824 1009 959 1075 animai.

137 1134 155 1203 ²:
251 1115 323 1178 sine
331 1122 442 1177 mente
449 1108 628 1194 animoque'
638 1112 752 1192 nequit
762 1113 906 1178 residere
917 1136 977 1199 per
990 1122 1082 1183 artus
1098 1121 1102 1127 ’

237 1211 329 1306 poris
342 1220 495 1308 exiguam
509 1229 638 1302 partem
655 1237 732 1300 pars
744 1220 814 1282 ulla
827 1218 970 1286 animai:

149 1324 221 1397 -·.td
232 1342 342 1387 comes
352 1321 538 1402 insequitur
547 1321 653 1402 facul,
668 1330 700 1382 et
711 1319 849 1384 discedit
861 1323 898 1385 in
912 1343 1025 1404 cureat

138 1476 151 1505 ι.
188 1416 334 1511 igelidos
344 1431 434 1485 artus
444 1421 481 1484 in
497 1419 557 1483 leti
575 1410 700 1506 frigore
713 1419 848 1502 linquit.

138 1527 365 1635 sssstmcnetin
376 1527 456 1609 vite,
474 1527 555 1612 quoi
567 1547 661 1591 mens
675 1525 871 1609 animusque
880 1527 1055 1614 remansit,

142 1650 182 1725 .'·-·'=
268 1634 318 1698 vis
328 1645 375 1699 est
388 1633 514 1700 circum
525 1634 625 1699 caesis
638 1636 728 1698 lacer
737 1633 887 1717 undique
895 1633 1071 1700 membris:

140 1646 1115 2125 *prademtaanimacircummemhrisqueremctuq

138 1784 183 1953 k
226 1849 268 1934 't,
283 1860 315 1917 ct
334 1851 495 1915 aetherias
505 1849 634 1915 vitaleis
649 1849 785 1935 suscipit
798 1873 913 1931 auras3

138 1924 182 2045 ἐξ.
203 1942 273 2019 mon
285 1955 501 2036 omnimodis,
517 1964 550 2016 at
565 1973 686 2038 magua
698 1965 808 2037 parte,
824 1957 950 2019 animai

138 2026 327 2138 iduatus,
344 2067 454 2120 tamen
465 2057 502 2119 in
513 2053 581 2118 vita
595 2066 783 2140 cunctatur,
800 2068 832 2121 et
843 2061 967 2122 haeret.
1056 2063 1117 2137 408

160 2166 203 2230 ut
210 2166 353 2229 lacerato
366 2164 465 2226 oculo
478 2162 620 2245 circum,
639 2163 669 2226 si
683 2165 811 2246 pupula
827 2165 947 2229 martsit

157 2267 351 2350 Incolumis,
365 2276 428 2330 stat
443 2267 605 2331 cernundi
625 2268 891 2352 vivatapotestas
906 2293 915 2350 3

156 2375 348 2438 Dummodo
360 2395 403 2438 ne
415 2382 521 2437 totum
532 2394 723 2459 corrumpas
736 2375 873 2440 luminis
884 2378 1016 2463 orbem,
1097 2444 1110 2463 N

158 2482 222 2546 Sed
235 2480 450 2545 circumcidas
466 2480 587 2565 aciem,
597 2485 768 2565 solamque
779 2483 966 2566 relinquen

156 2590 196 2652 Id
212 2607 345 2670 quoque
363 2585 453 2651 enim
462 2586 534 2652 sine
544 2590 692 2671 pernicie
706 2611 775 2654 non
788 2589 845 2656 fiet
861 2613 991 2656 eorum:
1024 2638 1027 2645 -

156 2691 401 2773 At,sttantu1a
414 2711 491 2777 pars
501 2693 591 2757 oculi
607 2694 717 2765 media
726 2695 786 2758 illa
798 2715 913 2779 peresa
924 2707 984 2778 est,

158 2793 289 2859 Occidit
299 2795 466 2878 extemplo
479 2797 611 2878 lumen,
629 2802 850 2880 tenebraeque
861 2809 1064 2882 sequundum

156 2900 337 2966 Incolumis
352 2900 502 2982 quamvis
517 2901 643 2982 alioqui
653 2904 847 2984 splendidus
857 2904 957 2968 orbis.

158 3008 232 3071 Hoc
243 3005 460 3086 animaatque
468 3005 598 3068 animus
606 3005 709 3070 iuncti
722 3017 798 3069 sunt
811 3008 943 3072 foedere
955 3030 1096 3095 semper.

198 3113 295 3174 Nunc
305 3130 382 3196 age,
395 3105 525 3172 nativos
538 3108 762 3172 animantibus
771 3119 803 3173 et
815 3113 983 3176 mortaleis

160 3214 237 3280 iisse
247 3213 393 3298 animos,
407 3212 601 3294 animasque
611 3213 731 3295 leveis,
750 3225 787 3278 ut
802 3234 937 3281 noscere
946 3217 1069 3303 possiet
1116 3286 1119 3291 ,

162 3314 353 3398 conquisita
365 3318 443 3401 diu,
455 3318 612 3399 dulcique
626 3327 756 3403 reperta
769 3321 883 3384 labore
891 3367 902 3407 ,
1031 3404 1033 3408 .

162 3424 271 3512 Digna
284 3436 339 3489 tua
350 3446 486 3512 pergam
499 3428 674 3512 disponere
688 3430 836 3494 carmine
851 3430 929 3497 vita

162 3533 211 3597 Tu
222 3534 294 3599 tace
305 3544 480 3616 utrumque
493 3554 561 3599 uno
571 3535 751 3622 subiungas
762 3537 898 3600 nomine
911 3557 1046 3623 eorum,

164 3642 269 3723 Atque
278 3642 441 3722 animam,
457 3641 552 3704 verbi
562 3661 675 3727 causa,
689 3662 791 3725 quom
802 3643 912 3707 dicere
922 3665 1073 3732 pergem,

165 3746 718 3828 Mortalemessedcccnsnuimum
727 3768 860 3832 quoquc
869 3747 979 3817 dicere
988 3751 1114 3818 credaut
