2572 4732
284 342 488 406 LIBER
528 345 569 408 v.
609 345 732 407 ceo.
930 351 987 433 189

20 482 144 555 Omnia
159 482 250 549 enim
270 483 395 568 pariter
414 495 579 567 crescunt,
597 487 761 550 etroborc
773 499 917 554 sumunt.
943 561 947 570 ‚

59 598 175 681 Quare
186 591 285 655 etiem
296 600 394 672 atque
406 590 506 655 etiam
521 601 709 655 maternum
718 614 841 661 nomen
852 599 970 682 adepta

21 706 125 769 Terra
140 712 230 766 tenet
242 699 378 782 merito,
391 700 550 781 quoniam
563 709 668 788 genus
678 703 750 786 ipse
763 704 886 768 creavit

22 811 215 873 Humanum
224 854 234 888 ,
243 815 340 887 atque
350 804 502 868 animans
510 826 614 888 prope
625 816 715 873 certo
728 818 876 893 tempore
888 810 975 875 fudit

24 920 148 999 Omne,
158 917 250 997 quod
259 912 296 976 in
307 911 435 1000 magnis
445 914 625 976 bacchatur
634 916 795 980 montibu’
803 919 925 1001 passim
933 967 945 1006 ,

24 1026 201 1108 A'eriesque
215 1023 315 1088 simul
330 1021 495 1085 volucreis
511 1021 709 1087 variantibu’
718 1025 845 1090 formis.

24 1132 101 1215 ted,
112 1130 191 1212 quia
201 1126 302 1191 finem
312 1127 459 1209 aliquam
470 1126 628 1210 pariundi
641 1130 739 1193 debet
752 1132 893 1217 hahere,

25 1237 170 1321 Destitit,
182 1245 220 1299 ut
235 1235 369 1314 mulier,
379 1232 487 1317 spatio
498 1232 623 1298 defessa
638 1243 778 1300 vetusto.

26 1344 129 1407 liutet
140 1339 232 1405 enim
242 1337 363 1404 mundi
371 1336 525 1403 naturam
543 1338 643 1404 totius
654 1348 760 1424 aetas,

27 1446 72 1511 Ex
81 1448 217 1529 alioque
226 1445 310 1511 eiius
322 1454 425 1510 status
441 1443 593 1529 excipere
608 1447 722 1511 omnia
737 1449 852 1532 debet,

29 1552 90 1620 iiec'
99 1565 212 1619 manet
224 1552 293 1616 ulia
307 1551 360 1617 sui
372 1549 490 1617 similis
503 1570 573 1615 rect
590 1552 704 1616 omnia
719 1555 882 1642 migrent,

32 1658 145 1722 Omnia
160 1666 340 1722 commutet
349 1658 486 1739 Nature,
503 1666 674 1721 etvortere
684 1659 783 1747 cogit.

32 1766 173 1850 Namque
183 1765 274 1830 aliud
283 1764 459 1849 putrescit,
472 1775 518 1848 et,
528 1786 611 1830 aevo
621 1768 748 1852 debile,
762 1770 917 1859 languet:

33 1870 126 1935 Porro
137 1870 230 1934 aliud
242 1869 437 1954 concrescit,
456 1879 489 1934 et
502 1891 520 1934 e
536 1872 756 1936 contemtibus
774 1873 850 1937 exit.

34 1974 187 2063 tioigitur
198 1975 317 2039 mundi
332 1987 484 2040 naturam
503 1975 600 2040 totius
616 1986 705 2040 aetas

35 2080 144 2164 Mutet,
159 2092 192 2146 et
202 2081 320 2149 exalio
334 2089 455 2144 terram
469 2090 570 2147 status
583 2080 705 2166 excipit
716 2083 815 2146 altere
925 2088 984 2149 833

34 2185 122 2271 Quod
131 2188 254 2272 potuit,
269 2196 427 2270 nequeat3
438 2186 554 2271 possit,
566 2189 657 2269 quod
671 2205 740 2253 uon
757 2188 833 2253 tulit
845 2199 932 2257 cute.

62 2300 234 2378 Multaque
246 2307 317 2361 tum
328 2298 423 2371 tellus
437 2296 537 2360 etiem
552 2304 706 2381 portenta
722 2318 835 2361 creare

32 2396 219 2485 Conataes't,
239 2402 325 2466 mira
340 2404 440 2487 faeie,
458 2402 681 2484 membrisque
699 2413 825 2482 coorta;

28 2504 263 2596 Androgynem
271 2507 359 2573 inter
369 2520 547 2605 utras,nec
560 2521 749 2597 utramque,
764 2510 922 2599 utrinque

554 2626 738 2680 remotum:
991 2622 994 2629 '

25 2713 117 2781 Orbe
131 2720 255 2801 pedum
264 2719 402 2804 partim,
414 2740 574 2784 manuum
585 2722 721 2786 viduata
732 2723 896 2805 vicissim

20 2815 130 2885 Multa
144 2821 216 2884 sine
231 2841 289 2886 ore
303 2823 418 2906 etiam,
435 2823 508 2888 sine
521 2825 613 2887 voltu
629 2844 725 2886 caeca
740 2838 887 2908 reperta3

18 2914 210 3006 Vinctaque
224 2929 450 2990 membrorum
465 2946 527 3009 per
537 2934 643 2988 totum
659 2944 778 3008 corpus
792 2930 957 2995 adhaesu:

17 3024 91 3095 Nec
99 3029 209 3093 faeere
217 3039 253 3092 ut
262 3040 393 3114 possent
402 3029 596 3111 quidquam,
605 3050 667 3091 nee
678 3029 794 3092 cedere
801 3050 981 3118 quoquam,

17 3133 92 3204 Nee
102 3137 206 3202 vitare
217 3140 360 3220 melum,
375 3118 437 3202 uec
447 3156 576 3201 sumere
587 3140 678 3219 quod
688 3139 773 3202 foret
784 3162 870 3205 usus.

50 3245 182 3307 ‚Cetera
194 3245 235 3306 de
249 3264 370 3330 genere
381 3246 446 3307 hoc
457 3251 603 3306 monstra
614 3262 653 3306 ac
663 3255 815 3327 portenta
825 3248 969 3313 creabat:

18 3346 274 3431 Nequidquam
291 3348 450 3430 quoniam
463 3350 587 3411 Natura
603 3348 778 3412 absterruit
788 3360 940 3417 auctum:

11 3450 94 3517 *Nee
102 3462 241 3537 potuere
253 3453 402 3535 cupitum
416 3452 531 3517 aetatis
542 3463 678 3541 tangere
689 3454 824 3539 florem,
936 3472 940 3481 ·
1023 3462 1026 3469 '
1045 3446 1060 3465 “’
1079 3454 1084 3463 ’

20 3557 93 3623 Nec
102 3556 249 3641 reperire
261 3556 390 3638 eibum,
403 3577 466 3621 uec
478 3557 574 3645 iungi
587 3550 647 3641 per
657 3558 795 3643 Veteris
812 3580 873 3622 res.

21 3669 146 3750 Multa,
159 3667 325 3749 videmus,
337 3667 427 3730 euim
438 3671 535 3731 rebus
548 3688 746 3732 concurrere
764 3671 901 3765 debent,

22 3773 71 3841 Ut
85 3777 304 3863 propagando
316 3775 441 3859 possint
456 3778 640 3865 producere
648 3780 746 3844 secla.
