2550 4726
153 313 214 442 xn
385 365 430 437 τ.
479 360 877 437 Lucunrrr

153 516 484 622 minime-corrupta
497 543 534 598 et
550 525 723 599 mendosa
737 526 893 616 habens,
911 528 999 601 haec
1017 529 1126 623 scrip·

153 635 236 708 serit
258 637 406 707 tamen?
427 634 542 728 Atqui
559 635 649 706 nihil
667 636 772 705 estin
793 636 959 708 Lucretio
976 662 1127 733 magno·

153 772 239 842 pere
261 749 405 820 difficile
424 749 566 835 homini
585 747 818 819 tolerabiliter
837 747 1003 835 erudito,
1025 764 1062 818 et
1083 749 1123 819 in

155 857 339 952 disciplina
351 857 493 951 Epicuri
507 882 584 928 non
604 859 755 928 omnino
770 859 922 953 hospiti:
941 860 1026 953 quia
1041 862 1124 952 ple-

153 989 267 1060 raque
281 966 318 1035 in
339 990 382 1036 eo
396 965 497 1054 sunt,
516 990 608 1059 quae
620 989 697 1037 non
711 966 820 1038 debet
834 971 993 1067 ignorare
1007 969 1124 1040 homo

153 1075 306 1146 honesto
329 1078 411 1149 loco
436 1093 561 1164 natus,
587 1091 623 1146 et
643 1075 834 1147 liberaliter
867 1077 1060 1164 educatus,
1086 1093 1126 1150 et

154 1183 260 1255 bonis
272 1183 405 1255 artibus
427 1183 603 1270 eruditus,
626 1183 765 1254 nedum
778 1186 824 1270 is,
849 1185 912 1277 qui
930 1201 980 1254 est
1004 1205 1126 1257 orator

154 1295 351 1387 aliquando
365 1296 529 1384 futurus,
546 1310 583 1368 et
593 1290 693 1390 ap‘ud
710 1297 917 1392 pontifices,
939 1298 1039 1391 apud
1053 1298 1127 1368 irn-

154 1422 354 1501 peratores‚
376 1408 473 1502 apud
494 1432 609 1506 reges,
627 1407 727 1502 apud
747 1411 904 1502 populos
930 1410 1128 1501 opulentos

154 1537 195 1585 se
208 1534 373 1608 potentes
394 1520 528 1616 magnis
548 1518 593 1591 de
611 1521 716 1592 rebus
740 1519 850 1592 verba
866 1518 1033 1591 facturus.

197 1626 286 1719 ¹Tali
301 1628 407 1725 igitur
422 1626 565 1724 ingenio
579 1629 761 1723 praeditus
775 1646 885 1722 atque
897 1646 1059 1717 ornatus,
1070 1643 1129 1699 ta·
1157 1683 1161 1689 .

154 1736 326 1829 libusque
350 1735 564 1807 adiumentis
583 1739 712 1830 partim
735 1763 756 1808 a
775 1757 921 1824 natura,
952 1738 1081 1831 partim
1105 1762 1129 1809 a

156 1845 277 1918 studio
291 1865 328 1916 et
339 1844 501 1917 doctrina
511 1846 699 1919 instructus
712 1846 898 1917 Lucretius
908 1870 980 1916 sese
990 1845 1036 1916 ad
1047 1845 1130 1916 scri·

156 1955 324 2041 bendum
336 1955 383 2025 de
396 1972 520 2026 natura
531 1980 651 2027 rerum
667 1956 843 2044 contulit,
858 1957 1033 2029 scribendi
1045 1957 1130 2050 qui·

157 2064 243 2136 dem
258 2089 368 2163 genus
383 2081 418 2136 et
433 2066 559 2162 figuras
574 2081 610 2136 et
625 2065 975 2164 grandiloquentism
994 2067 1129 2160 Empe-

157 2173 269 2246 doclis
280 2192 438 2261 secutus3
461 2175 645 2246 materiam
658 2199 766 2259 vero,
783 2189 821 2245 et
832 2200 884 2246 res
896 2175 942 2246 ab
953 2173 1128 2268 Epicuro,

158 2287 259 2359 cuius
274 2287 497 2380 disciplinam
510 2302 546 2361 et
559 2286 698 2356 decreta
712 2285 913 2374 adamarat,
931 2294 1126 2356 mutuatus

209 2396 297 2500 Quo
310 2394 433 2465 mortis
446 2417 572 2490 genere
584 2394 777 2466 exstinctus
793 2394 837 2465 sit
847 2393 1047 2482 Lucretius,
1058 2394 1130 2466 dif-

157 2503 251 2599 ficile
268 2502 367 2575 dictu
385 2520 455 2587 est3
486 2526 607 2594 neque
626 2505 742 2574 multo
761 2501 894 2575 facilius
916 2521 968 2574 est
987 2503 1127 2583 dicere,

135 2626 138 2631 ’
159 2610 276 2708 quoto
296 2638 378 2684 suae
398 2613 518 2683 aetatis
532 2636 629 2682 anno
648 2637 668 2682 e
690 2615 761 2685 vita
785 2613 981 2685 discesserit
1015 2614 1128 2685 Pleri-

101 2712 106 2722 ’
160 2751 235 2824 que
247 2739 435 2796 mortuum
448 2748 519 2794 esse
536 2722 657 2794 ferunt
672 2747 768 2794 anno
785 2726 904 2804 aetatis
925 2722 1127 2795 XL111.·Cn.

159 2836 335 2930 Pompeio
351 2833 485 2932 Magno
510 2833 570 2904 ΙΙΙ.
600 2835 754 2908 Caecilio
776 2837 928 2911 Metello
944 2839 1009 2912 Pio
1031 2841 1127 2915 Coss.

87 3021 90 3026 ,
159 2972 216 3019 an·
238 2949 282 3018 ab
307 2947 351 3018 U.
366 2946 405 3017 C.
425 2967 528 3019 nccl.
552 2948 683 3019 eodem
710 2947 768 3019 die
781 2943 862 3042 'quo
876 2951 912 3022 P.
933 2951 1128 3050 Virgilium

161 3057 351 3128 Maronem
366 3073 492 3128 natum
507 3081 577 3128 esse
595 3060 764 3129 nonnulli
777 3062 950 3153 scripturn
971 3061 1129 3154 relique·

161 3164 259 3263 runt.
287 3164 428 3238 Nolunt
439 3184 589 3265 sutem,
612 3193 696 3239 eum
716 3185 778 3241 aut
800 3194 862 3240 sua
881 3188 1009 3264 sponte
1030 3197 1129 3244 mor-

160 3280 235 3371 tem
259 3276 404 3365 obiisse,
428 3293 491 3350 aut
511 3276 656 3349 alicuius
669 3280 789 3352 morbi
801 3279 860 3368 vi,
888 3296 930 3351 ut
953 3281 1013 3367 fit,
1037 3305 1128 3352 con-

163 3400 328 3469 sumtum
346 3410 441 3474 esse,
465 3385 545 3476 sed,
567 3403 610 3458 ut
631 3386 705 3460 eius
728 3388 872 3461 obitum
893 3381 1130 3492 rporyrtriespor
1151 3477 1156 3481 ,

162 3495 309 3586 saciant,
334 3499 496 3587 scribunt
515 3523 601 3570 eum
614 3499 681 3570 sibi
703 3500 820 3593 ipsum
841 3522 969 3573 manus
987 3504 1129 3572 attulisa

163 3631 208 3678 se.
241 3606 309 3678 Alii
335 3608 454 3680 taedio
471 3610 586 3698 vitae,
606 3609 708 3702 quod
727 3611 876 3704 patriam
892 3636 990 3684 suam
1009 3613 1130 3683 ambi-

162 3716 286 3806 tione,
304 3721 465 3808 araritia‚
491 3711 649 3815 luxuria,
675 3720 867 3810 discordia,
893 3740 936 3817 et
954 3722 1130 3795 similibus

141 3828 368 3935 civitatum,
397 3856 489 3925 quae
518 3830 583 3903 diu
609 3830 832 3924 floruerunt,
857 3847 894 3906 et
917 3834 988 3906 iarn
1021 3855 1126 3917 seneq
