2572 4732
237 329 495 418 ‘claun
534 355 601 420 vr.
640 356 764 438 uns.
946 373 1003 442 219

54 501 219 585 Nubibus,
230 501 266 566 in
278 503 449 586 caveisque
460 506 605 567 ferarum
620 523 713 566 more
722 502 906 568 minantum

54 608 150 668 Nunc
162 605 254 688 hinc,
265 628 354 671 nunc
366 608 460 672 illinc
474 607 623 671 fremitus
639 629 699 689 per
713 608 829 672 nubila
842 610 991 690 mittunt;

55 714 319 796 Quaerentesqne
329 713 418 777 viam
431 715 783 791 circumvorsantur,et
793 713 880 801 ignis

56 814 190 878 Semina
199 817 427 879 convolvunte
439 817 597 894 nubibus3
612 828 710 898 atque
719 817 765 879 ita
779 826 901 903 cogunt

55 919 180 1000 Multa,
193 929 367 999 rotantque
379 918 466 983 cavis
480 921 647 981 flammam
661 919 848 1013 fornacibus
860 920 947 983 int-us
955 946 980 1004 ,¹

56 1021 172 1082 Donec
184 1020 311 1082 divolsa
325 1021 487 1084 fulserunt
499 1023 587 1084 nube
601 1021 738 1085 corusci.

97 1129 170 1189 Hac
183 1126 281 1188 etiam
296 1125 333 1189 fit
345 1127 395 1189 uti
407 1131 449 1189 de
461 1147 557 1192 causa
568 1127 699 1191 mobilis
713 1127 771 1191 ille

57 1231 199 1295 Devolet
209 1229 246 1294 in
260 1242 380 1295 terram
395 1231 515 1314 liquidi
530 1234 621 1295 color
634 1251 752 1296 aureus
764 1232 867 1320 ignis3

59 1335 193 1398 Semina
208 1340 298 1418 quod
311 1338 427 1402 nubeis
439 1339 526 1421 ipsas
541 1341 706 1420 permulta
718 1359 846 1402 necesse
860 1348 916 1423 est

59 1438 150 1523 Ignis
162 1441 302 1502 habere:
318 1440 455 1522 etenim,
466 1462 565 1522 quom
576 1452 651 1504 sunt
662 1445 801 1504 humore
813 1440 884 1505 sine
894 1424 977 1523 ullo,

60 1545 246 1608 Flammeus
256 1555 303 1609 est
317 1549 513 1629 plerumque
528 1549 616 1611 colos
631 1557 663 1610 et
674 1547 865 1630 splendidus
877 1547 961 1608 ollis.

61 1649 194 1734 Quippe
204 1636 323 1714 etenim
337 1652 415 1716 solis
424 1654 466 1715 de
475 1652 603 1715 lumine
616 1652 720 1714 multa
734 1670 863 1715 necesse
878 1644 924 1715 es't
950 1708 953 1714 .

19 1803 24 1808 .
60 1753 261 1835 Concipere,
274 1765 310 1817 ut
321 1756 438 1821 merito
451 1757 603 1837 rubeant,
617 1755 789 1841 igneisque
797 1757 1016 1852 prolunt‘lantt

59 1862 168 1924 Hasce
176 1854 278 1943 igitur
289 1880 391 1940 quom
401 1872 519 1924 ventus
529 1882 629 1947 agens
641 1860 797 1925 contrusit
807 1860 845 1924 in
857 1884 962 1924 unum

62 1969 327 2049 compressitque
339 1971 449 2030 locum
462 1987 597 2053 cogens3
612 1986 762 2049 expressa
772 1968 979 2049 profundunt

62 2070 211 2152 Semina,
222 2091 306 2152 quae
316 2070 441 2134 faciunt
452 2071 605 2133 flammae
617 2070 744 2156 fulgere
759 2071 894 2133 colores.
956 2074 1013 2131 213

106 2176 217 2261 Fulgit
232 2177 328 2257 item,
340 2195 441 2257 quom
454 2185 621 2240 rarescunt
633 2194 765 2255 quoque
776 2173 891 2237 nubila
902 2172 994 2235 coeli.

63 2281 163 2359 Nam,
175 2297 274 2358 quom
284 2287 401 2341 ventus
411 2297 465 2341 eas
478 2276 593 2342 leviter
600 2275 726 2345 diducit
736 2273 877 2355 eunteis,

64 2383 305 2464 Dissolvitque,
322 2385 441 2445 cadant
453 2381 590 2468 ingratis
606 2381 665 2453 illa
678 2401 808 2445 necesse
824 2389 872 2443 est

64 2486 211 2567 Semina,
225 2506 310 2566 quae
320 2485 446 2551 faciunt
458 2487 637 2574 fulgorem:
654 2497 725 2549 tum
738 2484 810 2549 sine
825 2493 929 2547 taetro

64 2595 207 2656 Terrore
221 2601 253 2654 et
264 2588 378 2654 sonitis
388 2591 502 2678 fulgit,
515 2594 673 2674 nulloque
687 2595 839 2656 tumultu.

109 2693 207 2776 Quod
216 2702 377 2775 superest,
388 2690 478 2774 quali
489 2703 605 2757 natura
616 2693 765 2775 praedita
778 2699 926 2756 constent

66 2800 238 2880 Fulmina,
252 2790 418 2864 declarant
429 2801 527 2881 ictus,
547 2809 579 2862 et
593 2800 702 2883 inusta
715 2819 839 2882 vapore
952 2820 961 2835 ·
982 2841 984 2849 ·
1030 2878 1033 2889 Ι

42 2973 46 2978 ,
68 2908 185 2994 Signa,
203 2917 380 2987 notaeque,
392 2905 520 2991 graneis
532 2905 681 2999 halantes
694 2906 860 2988 sulphuris
871 2922 978 2967 auras.

67 3014 161 3099 Ignis
167 3013 261 3076 enirn
274 3021 349 3075 sunt
360 3013 458 3092 haec,
468 3029 537 3072 non
549 3009 641 3071 venti
648 3008 758 3094 signa,
772 3030 878 3090 neque
893 3004 1018 3071 imbris.

112 3120 294 3197 Praeterea,
301 3134 397 3197 saepe
408 3115 590 3176 accendunt
600 3133 731 3194 quoque
741 3121 823 3175 tecta
835 3115 1020 3193 domorum,

70 3222 114 3289 Et
124 3223 222 3286 celeri
232 3225 364 3285 flamma
378 3216 591 3282 dominantur
600 3219 636 3282 in
647 3218 783 3281 aedibus
793 3217 882 3300 ipsis.

71 3329 172 3392 Hunc
187 3326 249 3389 tibi
261 3326 413 3390 subtilem
427 3345 502 3392 curn
515 3323 630 3408 primis
643 3323 775 3411 ignibus
786 3322 899 3409 ignem

71 3433 247 3498 Constituit
261 3445 377 3497 natura
390 3433 524 3497 minutis
536 3432 680 3494 motibus
697 3439 796 3510 atque

74 3537 290 3621 Corporibus,
304 3537 383 3619 quoi
397 3537 448 3599 nil
459 3535 597 3599 omnino
613 3533 768 3595 obsistere
783 3529 893 3614 possit.

75 3639 207 3704 Transit
220 3641 310 3703 enim
322 3639 468 3702 validum
478 3640 604 3701 fulmen
620 3657 680 3720 per
688 3647 799 3718 saepta
812 3635 1001 3716 domorum,

77 3743 284 3826 Clamornti,
296 3764 334 3808 ac
347 3762 457 3824 voces;
470 3742 584 3811 transit
593 3726 653 3826 per
662 3759 757 3830 saxa,
766 3760 826 3824 per
836 3757 927 3818 aera3
994 3796 997 3801 .
