2572 4732
297 344 501 408 maun
541 344 617 406 111.
658 346 780 426 usq.
972 364 1051 429 9⁷-

48 499 228 578 Naturam,
248 517 306 560 ceu
322 496 433 559 fumus
444 496 479 558 in
492 497 574 559 altas
587 497 670 560 aeris
685 518 801 562 auras:

51 601 335 688 Quandoquidem
348 598 441 687 gigni
452 600 588 683 pariter,
606 582 792 683 pariterque
806 601 956 669 videmus

52 711 225 788 Crescere,
237 716 284 789 et,
301 717 337 770 ut
347 706 462 788 docui,
477 707 575 770 simul
590 727 671 770 aevo
687 707 769 771 fessa
783 707 900 772 fatisci.

92 814 171 875 Huc
185 810 324 892 accedit,
341 811 392 872 uti
402 808 588 891 videamus,
603 830 721 894 corpus
732 821 769 874 ut
781 811 891 895 ipsum
921 830 926 839 ·

55 916 227 1000 Suscipere
239 915 414 979 immaneis
432 918 584 996 morbos,
602 918 789 998 durumque
803 920 970 1000 laborem
1012 908 1019 933 '¹

57 1019 108 1085 Sic
119 1019 270 1082 animum
280 1040 373 1082 curas
386 1017 503 1099 aereis,
522 1021 732 1100 luctumque,
750 1029 952 1104 metumque.

58 1128 167 1211 Quare
179 1123 374 1208 participem
385 1122 443 1184 leti
457 1142 589 1203 quoque
602 1123 758 1186 convenit
774 1146 852 1188 esse.

95 1226 305 1313 Quinetiam
320 1227 445 1289 morbis
461 1224 497 1288 in
515 1228 662 1309 corporis
680 1228 774 1291 avius
792 1238 881 1292 errat

60 1332 159 1414 Saepe
171 1330 317 1410 animus3
333 1332 491 1396 dementit
505 1331 605 1413 enim,
616 1332 784 1413 deliraque
795 1335 900 1397 tatur:

45 1434 295 1516 interdumque
305 1434 400 1521 gravi
416 1437 565 1522 lethargo
576 1436 682 1498 fertur
694 1435 731 1499 in
748 1438 854 1499 altum

60 1523 302 1620 Aeternumque
310 1558 480 1622 soporem,
494 1540 614 1620 oculis,
634 1549 783 1620 nutuque
797 1541 944 1605 cadenti:

60 1644 151 1707 Unde
163 1665 272 1724 neque
285 1644 419 1706 exaudit
431 1664 544 1726 voces,
563 1664 671 1724 neque
684 1664 820 1708 noscere
832 1647 943 1710 voltus

59 1747 194 1810 Illorum
205 1746 291 1830 potis
301 1757 371 1834 est,
379 1749 424 1809 ad
438 1747 538 1811 vitam
550 1746 609 1828 qul
622 1758 813 1811 revocantes

60 1851 293 1932 Circumstant,
309 1852 465 1916 lacrumis
480 1863 628 1916 rorantes
638 1872 696 1914 ora
706 1873 884 1937 genasque.
953 1870 1033 1946 470·

60 1955 167 2039 Quare
178 1953 327 2016 animum
341 1972 475 2032 quoque
489 1953 623 2014 dissolvi
638 1953 762 2014 fateare
772 1964 976 2037 necessust,

60 2059 335 2147 Quandoquidem
346 2065 521 2139 penetrant
533 2056 571 2117 in
584 2075 659 2117 eum
673 2055 825 2141 contagia
841 2057 960 2119 morbi.

60 2171 139 2233 Nam
154 2170 252 2231 dolor
261 2186 300 2228 ec
310 2166 464 2245 morbus,
478 2162 729 2226 letitcbricator
739 2170 880 2241 uterque
892 2173 955 2243 est,

10 2272 13 2361 ξ
61 2279 239 2341 Multorum
250 2276 353 2339 exitio
364 2271 513 2357 perdocti
527 2273 617 2353 quod
629 2291 742 2335 sumus
755 2281 841 2334 ante.

10 2366 12 2399 ἔ
97 2382 260 2462 Denique,
274 2379 515 2465 corhominum
526 2396 628 2458 quom
643 2375 714 2439 vini
726 2376 776 2439 vis
789 2377 975 2460 penetrarit
1004 2412 1008 2421 ·

10 2424 13 2561 i
67 2483 165 2566 Acris,
181 2484 266 2546 etin
276 2502 376 2544 venas
390 2480 536 2543 discessit
551 2480 674 2542 diditus
685 2481 801 2562 ardor,

10 2570 12 2577 ¹
69 2585 427 2675 Consequiturgravitas
441 2587 680 2667 membrorum,
696 2588 956 2670 praepediuntur

70 2691 160 2756 Crura
171 2694 357 2776 vacillanti,
370 2691 662 2779 tardescitlingua,
681 2695 791 2756 madet
802 2715 911 2776 mens,

71 2797 144 2865 Nant
155 2800 257 2880 oculi3
274 2802 413 2880 clamor,
433 2798 608 2883 singultus,
621 2797 731 2881 iurgia
742 2796 900 2881 gliscunt3

72 2899 178 2969 Etiam
189 2916 296 2968 cetera
310 2904 352 2964 de
363 2918 484 2986 genere
494 2900 576 2977 hoc,
588 2916 803 2976 quaecunque
811 2908 1009 2978 sequuntur:¹

71 3004 127 3072 cur
142 3027 181 3073 ea
195 3017 287 3089 sunt,
301 3005 364 3067 nisi
375 3003 465 3082 quod
477 3002 654 3061 vehemens
667 2996 824 3060 violentia
837 2999 910 3062 vini
1024 3037 1029 3047 ·

67 3108 263 3180 Conturbare
275 3112 421 3175 animam
432 3105 602 3172 consuevit
617 3124 754 3188 corpore
767 3104 804 3166 in
815 3105 911 3188 ipso?
986 3147 989 3154 ι

59 3213 117 3305 At,
128 3242 342 3306 quaeeunque
356 3226 482 3301 queunt
495 3215 703 3297 conturbari,
717 3215 819 3297 inque
830 3216 939 3301 pediri
947 3261 960 3302 ,
998 3303 1000 3310 Ι

53 3312 268 3412 Significant,
288 3328 401 3411 paullo
417 3323 572 3388 sidurior
582 3321 759 3387 insinuarit

49 3418 181 3520 Causa,
195 3437 267 3499 fore
277 3444 313 3496 ut
324 3439 474 3516 pereant,
491 3449 574 3493 aevo
590 3429 720 3513 privata
736 3431 859 3493 futuro.

98 3540 317 3628 Quinetiam,
331 3536 457 3616 subito,
468 3533 505 3595 vi
512 3533 620 3596 morbi
631 3552 728 3614 saepe
742 3543 889 3610 coactus,

44 3626 145 3709 Ante
157 3648 270 3709 oculos
282 3640 401 3724 aliquis
416 3651 561 3720 nostros,
574 3646 611 3701 ut
624 3638 772 3701 fulminis
788 3637 872 3715 ictu,
981 3678 984 3683 -
1034 3708 1051 3737 ἡ
1079 3645 1082 3652 ’

45 3733 274 3834 Concidit-et
285 3770 418 3836 spumas
428 3744 675 3835 agittittgemit,
691 3755 723 3809 et
734 3741 843 3806 tremit
853 3747 958 3823 attuit
1034 3756 1054 3793 ··'
1160 3768 1181 3795 «·

156 3858 285 3912 uertens.
725 3866 742 3917 7
