2572 4732
312 340 371 403 190
524 266 588 389 ua
612 319 802 383 RERUM
831 320 1039 383 NATURA
1102 340 1135 384 v.
1157 323 1227 406 849.

309 463 434 526 Pabula
445 461 592 545 primurn
602 473 639 526 ut
648 465 728 545 sint,
742 444 898 550 genitalia
909 465 1029 541 deinde
1039 489 1101 552 per
1108 479 1200 535 artus

308 566 455 649 Semina,
470 587 554 649 quae
565 566 692 652 possint
702 571 858 633 membris
871 592 1007 635 manare
1019 571 1179 669 remissis:

307 673 508 757 Feminaque
521 685 557 738 ut
573 676 719 738 maribus
739 677 898 764 coniungi
910 679 1028 762 possit,
1041 682 1167 745 habere

308 781 425 840 Mutua
436 776 527 858 queis
540 788 670 841 nectant
680 777 811 843 interse
822 782 946 865 gandia
964 795 1115 865 uterque.

319 887 517 973 Multaque
532 892 603 945 tum
617 881 778 948 interiisse
791 883 999 948 animantum
1011 889 1099 951 secla
1111 907 1242 957 necesse

941 999 1003 1071 esi,

173 1134 179 1163 χ
207 1160 226 1185 5
299 1098 373 1177 Nee
384 1091 527 1176 potursse
540 1094 755 1179 propagando
766 1095 948 1178 procudere
957 1095 1097 1178 prolem

31 1234 44 1256 κ
68 1168 87 1247 ⁴⁸
201 1194 227 1271 ἰ,
307 1204 406 1283 Nam,
418 1199 737 1282 quaecunquevides
748 1220 836 1261 veser
826 1198 1007 1263 vitalibus
1019 1200 1125 1283 auris,

65 1298 151 1389 {aa}
198 1292 272 1383 «ξ’
306 1306 370 1366 Aut
381 1306 491 1387 dolus,
508 1314 564 1366 aut
575 1303 695 1386 matus,
708 1302 919 1385 autdenrque
933 1303 1174 1390 mobrlrtas,est
1259 1384 1265 1393 ‚

65 1372 150 1469 :⁸⁸⁴⁸
196 1368 272 1513 ξ’
306 1413 377 1475 Ex
367 1424 502 1477 rneunte
513 1431 611 1494 aevo,
624 1432 728 1499 genus
738 1410 775 1473 id
789 1420 906 1493 tutata,
921 1433 1100 1479 reservans.

39 1486 103 1581 “ari
175 1464 233 1595 ’Χέ-
284 1506 476 1599 {Multaque
486 1523 580 1596 sunt,
598 1508 693 1577 nuliis
704 1535 744 1577 ex
758 1512 898 1577 utilitate
911 1535 969 1579 sua
983 1537 1070 1597 quae

72 1614 89 1631 ’“
199 1614 543 1699 [Commendata
554 1628 708 1698 manent
726 1594 846 1681 tutelae
861 1620 979 1683 tradita
992 1633 1135 1688 nostrae.

288 1726 529 1813 ;Principio,
542 1747 646 1811 genus
658 1746 733 1788 acre
746 1728 882 1789 leonum
895 1747 1057 1812 saevaque
1069 1733 1156 1797 secla

286 1818 291 1897 f
304 1835 422 1895 Tutata
433 1841 479 1895 est
489 1830 606 1913 virtus,
620 1830 747 1914 volpeis
759 1831 867 1914 dolus,
879 1843 916 1894 ut
926 1833 1006 1918 fuga
1019 1855 1144 1900 cervos.
1180 1906 1184 1911 ,

285 1943 346 2015 ¹,At
359 1940 541 2005 levisomna
552 1959 672 2002 canum
688 1935 756 2001 fido
770 1958 846 1999 eum
857 1948 989 2021 pectore
1003 1942 1122 2023 corda,

291 2024 345 2108 'Et
351 2066 456 2131 genus
464 2065 580 2126 omne,
594 2044 685 2124 quod
692 2051 739 2104 est
750 2041 899 2105 veterino
908 2043 1032 2107 semine
1041 2056 1192 2130 partum,
1200 2046 1250 2113 863

278 2074 551 2242 iLanigeraeque
564 2151 664 2215 simul
675 2150 834 2233 pecudes,
850 2161 882 2212 et
894 2153 1016 2215 bucera
1031 2154 1136 2236 secla,

305 2262 428 2326 Omnia
439 2269 516 2324 sunt
525 2257 701 2321 hominum
716 2256 838 2319 tutelae
853 2256 987 2340 tradita,
998 2259 1146 2329 Memmi.

268 2228 285 2543 Ι
304 2371 388 2430 Nam
402 2365 521 2449 cupide
537 2363 652 2450 fugere
665 2360 764 2433 feras,
780 2379 961 2443 pacemque
977 2375 1108 2432 secutae

149 2508 152 2515 ·
269 2546 273 2563 Ι
303 2473 399 2550 Sunt,
415 2476 447 2531 et
455 2469 548 2552 larga
559 2486 619 2529 suo
630 2464 701 2527 sine
712 2464 836 2546 pabula
849 2475 945 2546 parta
959 2467 1094 2533 labore:

265 2568 271 2625 ἶ
302 2574 397 2656 Quae
413 2571 528 2633 damus
541 2566 690 2633 utilitatis
706 2588 821 2630 eorum
834 2569 981 2650 praemia
999 2592 1105 2636 eausa.

252 2744 256 2751 ,
301 2680 359 2758 At,
376 2674 469 2755 queis
483 2672 531 2735 nil
547 2675 668 2735 horum
682 2673 795 2735 tribuit
807 2677 946 2756 Natura,
956 2698 1063 2757 neque
1076 2677 1147 2761 ipsa

246 2766 255 2846 ‚³
301 2783 425 2864 Sponte
438 2798 498 2843 sua
505 2787 639 2861 possent
651 2785 687 2839 ut
703 2768 910 2860 vivere,'·nec
924 2781 1003 2843 dare
1017 2782 1114 2849 nobis

302 2864 484 2950 Utilitatem
498 2882 662 2965 aliquam,
679 2903 782 2963 quare
794 2894 983 2967 pateremur
998 2906 1117 2953 eorum

239 3014 245 3069 ;·
300 2992 468 3057 Praesidio
485 3001 597 3055 nostro
606 2989 698 3072 pasci
711 2996 833 3075 genus,
847 3012 981 3073 esseque
993 2995 1124 3058 tutnm‘i

240 3100 248 3189 ξ
299 3098 430 3161 Scilicet
441 3100 523 3160 haec
535 3096 607 3167 aliis
618 3099 759 3178 praedae
774 3099 932 3178 lucroque
950 3099 1101 3165 iacebant

243 3196 498 3311 ¹·Indupedita
511 3202 578 3265 suis
589 3202 742 3267 tatalibus
761 3206 874 3269 omnia
888 3206 1020 3290 vinclis,
1096 3278 1099 3283 ,

249 3274 414 3369 Donec
428 3305 491 3366 ad'
482 3305 652 3367 interitum
662 3327 767 3389 genus
781 3306 816 3369 id
829 3311 952 3371 Natura
966 3310 1156 3399 redegit.

340 3411 404 3472 Sed
414 3429 522 3488 neque
533 3407 689 3470 Centaun
700 3409 848 3493 suerunt
862 3433 922 3475 nee
931 3419 1208 3500 temporemuIIo

299 3518 376 3578 Esse
385 3525 531 3597 queunt,
542 3512 670 3596 duplici
684 3525 801 3579 natura
818 3528 850 3581 et
865 3539 1002 3605 corpore
1018 3523 1101 3591 bino

299 3624 348 3683 Ex
361 3621 555 3711 alienigenis
569 3621 726 3687 membris
740 3637 909 3707 compacta
923 3640 1082 3714 potestas,

240 3819 251 3841 Ι
299 3725 387 3790 Hinc
399 3726 493 3791 illinc
504 3749 566 3811 par
579 3727 630 3796 vis
640 3737 678 3792 ut
689 3749 758 3794 non
771 3730 818 3798 sie
831 3752 899 3799 esse
915 3733 1051 3818 potissit.
