2572 4732
299 332 504 396 Llurrt
541 328 610 397 lv.
649 332 779 407 ctat.
956 331 1012 412 tt,
1128 352 1131 357 ·

54 482 169 544 llauca
183 473 306 559 riis,›et
317 475 380 541 iter
395 473 515 557 laedit,
528 493 595 556 qua
605 473 708 538 vortit
719 472 873 537 inauras.

54 583 155 647 Haud
165 578 413 668 igiturdubium
424 584 482 658 est,
493 560 1008 659 quinvocsverhaque‘constent

56 683 232 769 Corporeis
246 703 265 745 e
277 679 468 765 principiis,
481 691 519 744 ut
534 682 664 747 laedere
677 679 812 763 possint.

94 788 164 850 Nec
178 784 308 876 tol'allit
321 785 420 866 item,
433 785 515 867 quid
526 785 673 868 corporis
685 786 829 868 auferat,
838 794 872 850 ct
881 783 964 868 quid

57 892 216 957 Detrahat
229 912 269 957 ex
283 888 458 953 hominum
473 889 584 954 nervis
597 909 637 957 ac
649 889 776 955 viribus
786 888 868 975 ipsis

58 1001 237 1081 Perpetuus
249 1015 373 1078 sermo,
389 994 499 1080 nigrai
511 993 616 1060 noctis
628 997 672 1061 ad
684 996 838 1061 umbram

58 1108 205 1170 Aurorae
221 1103 398 1189 perductus
409 1104 454 1165 ab
469 1099 635 1167 exoriente
653 1100 778 1182 nitore;

58 1209 269 1291 Praesertim,
281 1208 311 1272 si
320 1229 397 1271 cum
408 1227 539 1272 summo
552 1217 600 1272 est
616 1209 761 1271 clamore
772 1207 943 1291 profusus:

58 1318 146 1403 Ergo
154 1335 350 1398 corpoream
363 1335 480 1381 vocem
494 1325 643 1381 constare
659 1334 789 1379 necesse
799 1323 866 1397 est,

58 1423 163 1487 Multa
170 1423 309 1502 loquens
322 1421 481 1503 quoniam
493 1421 614 1487 amittit
624 1424 666 1487 de
679 1441 818 1504 corpore
829 1426 968 1503 partem·
1077 1435 1088 1449 ‘

95 1529 167 1589 Nee
179 1525 281 1590 simili
293 1533 468 1606 penetrant
478 1525 587 1590 aureis
599 1523 782 1609 primordia
795 1524 920 1607 forma,

60 1640 172 1723 Quom
184 1636 264 1697 tuba
275 1635 428 1717 depresso
439 1634 583 1720 graviter
592 1635 653 1698 sub
663 1653 834 1697 murmure
844 1631 971 1719 mugit,

59 1743 98 1805 Et
111 1749 245 1805 revocat
256 1760 395 1803 raucum
412 1750 500 1805 retro
514 1741 578 1806 cita
593 1742 734 1823 barbara
743 1744 922 1827 bombum
1034 1807 1038 1814 ,

59 1846 210 1915 Vallibus
225 1844 258 1909 'et
271 1846 385 1928 cycni,
395 1867 476 1910 nece
489 1845 585 1923 torti,
596 1870 638 1911 ex
651 1846 821 1912 Heliconis
958 1844 1017 1928 547

60 1958 171 2042 Quom
180 1953 344 2034 liquidam
354 1954 475 2017 tollunt
488 1955 623 2039 lugubri
636 1974 719 2019 uoce
729 1956 909 2035 querelam.

96 2064 205 2125 Hasce
215 2059 318 2146 igitur
329 2059 460 2140 penitus
474 2078 589 2140 rocas,
607 2072 708 2140 quom
728 2074 866 2139 corpore
876 2060 991 2121 nortm

60 2164 300 2249 Exprimimus‚
317 2152 472 2244 rectoque
492 2163 581 2226 foras
592 2160 773 2226 emittimus
783 2180 860 2243 ore,
988 2195 991 2198 -

60 2269 195 2336 Mobilis
211 2271 377 2350 articulat,
391 2268 571 2332 verborum
581 2268 734 2348 daedala,
748 2266 880 2353 lingua}

27 2435 29 2439 .
60 2377 319 2453 Formaturaque
335 2373 506 2436 labrorum
523 2391 584 2455 pro
598 2367 829 2469 partefigurat.
851 2416 853 2425 Α

62 2477 226 2561 Asperitas
239 2496 279 2540 au
284 2484 349 2538 tem
363 2475 453 2540 vocis
467 2474 505 2538 fit
515 2478 558 2538 ab
568 2475 741 2557 asperitate

62 2583 324 2667 Principiorum,
336 2591 369 2645 et
381 2580 460 2645 item
475 2583 589 2645 laevor
602 2582 736 2645 laevore
753 2588 893 2647 creatur.

99 2691 175 2754 Hoc
185 2686 244 2750 ubi
251 2707 320 2751 non
328 2688 465 2773 longum
474 2686 616 2769 spatium
626 2695 687 2768 est,
698 2684 1019 2770 undeunaprolecta

62 2793 307 2858 Pcrvcuiatvox
317 2813 482 2873 quaeque,
497 2811 628 2857 maesse
636 2801 684 2855 est
693 2793 796 2855 verba
804 2812 937 2874 quoque
945 2790 1018 2876 ipss

63 2897 345 2979 Plane-exaudiri,
358 2896 565 2976 discernique
578 2894 793 2958 articulatim:

62 3006 178 3077 Servat
188 3004 278 3068 enirn
288 3004 519 3082 formaturam,
539 3008 710 3079 servatque
725 2996 878 3085 figuram.

64 3115 105 3176 at
119 3107 150 3175 ai
163 3107 392 3193 interpositum
404 3106 546 3188 spatium
560 3104 603 3170 sit
619 3101 752 3192 longius
765 3122 889 3185 aequo,

66 3217 150 3281 lira
163 3236 223 3299 pa·
239 3216 382 3279 multum
396 3212 557 3278 confundi
570 3213 671 3276 rerba
682 3229 813 3275 necem
828 3219 888 3294 est,

66 3321 106 3385 Et
121 3313 311 3385 conturbari
326 3339 457 3403 rocem,
467 3319 548 3382 dum
558 3317 698 3381 travolat
710 3334 814 3379 auras.

67 3427 153 3516 Ergo
168 3426 219 3509 fit,
234 3425 378 3491 sonitum
388 3431 426 3488 ut
438 3423 544 3509 possis
559 3419 690 3504 audire,
707 3441 816 3502 neque
828 3419 931 3483 ollam

66 3531 306 3611 Internoseerc,
319 3531 497 3615 verborum
510 3525 671 3592 sententia
682 3547 767 3608 quae
779 3527 841 3589 sit:

68 3632 178 3715 Usque
195 3633 279 3699 adeo
292 3629 428 3699 confusa
438 3628 530 3693 venit
538 3648 617 3710 vox,
635 3625 737 3708 inque
750 3625 870 3708 pedita-

106 3740 294 3820 Praeterea,
307 3736 448 3807 verbum
458 3750 557 3819 saepe
572 3752 677 3799 unum
686 3729 809 3817 perciet
818 3727 927 3797 arceis
