<?xml version="1.0" encoding="UTF-8"?>
<!DOCTYPE html PUBLIC "-//W3C//DTD XHTML 1.0 Transitional//EN"
    "http://www.w3.org/TR/xhtml1/DTD/xhtml1-transitional.dtd">
<html xmlns="http://www.w3.org/1999/xhtml" xml:lang="en" lang="en">
 <head>
  <title>
</title>
<meta http-equiv="Content-Type" content="text/html;charset=utf-8" />
  <meta name='ocr-system' content='tesseract 3.04.00' />
  <meta name='ocr-capabilities' content='ocr_page ocr_carea ocr_par ocr_line ocrx_word'/>
</head>
<body>
  <div class='ocr_page' id='page_1' title='image "./dererumnaturali00carugoog_0063.png"; bbox 0 0 2550 4726; ppageno 0'>
   <div class='ocr_carea' id='block_1_1' title="bbox 268 310 1189 398">
    <p class='ocr_par' dir='ltr' id='par_1_1' title="bbox 268 310 1189 398">
     <span class='ocr_line' id='line_1_1' title="bbox 268 310 1189 398; baseline 0.007 -22"><span class='ocrx_word' id='word_1_1' title='bbox 268 333 306 398; x_wconf 76' lang='lat'><strong>¹4</strong></span> <span class='ocrx_word' id='word_1_2' title='bbox 464 316 531 377; x_wconf 88' lang='lat' dir='ltr'><strong>D·E</strong></span> <span class='ocrx_word' id='word_1_3' title='bbox 557 310 745 379; x_wconf 85' lang='lat' dir='ltr'><strong>RERUM</strong></span> <span class='ocrx_word' id='word_1_4' title='bbox 775 315 999 379; x_wconf 51' lang='lat' dir='ltr'><strong>NATURA*</strong></span> <span class='ocrx_word' id='word_1_5' title='bbox 1064 338 1097 381; x_wconf 86' lang='lat' dir='ltr'><strong>v.</strong></span> <span class='ocrx_word' id='word_1_6' title='bbox 1118 323 1189 398; x_wconf 76' lang='lat'><strong>314.</strong></span> 
     </span>
    </p>
   </div>
   <div class='ocr_carea' id='block_1_2' title="bbox 191 457 1154 1601">
    <p class='ocr_par' dir='ltr' id='par_1_2' title="bbox 191 457 1154 1601">
     <span class='ocr_line' id='line_1_2' title="bbox 264 457 1038 544; baseline -0.005 -18"><span class='ocrx_word' id='word_1_7' title='bbox 264 457 417 527; x_wconf 84' lang='lat' dir='ltr'><strong>Stillicidi</strong></span> <span class='ocrx_word' id='word_1_8' title='bbox 431 483 522 526; x_wconf 85' lang='lat' dir='ltr'><strong>casus</strong></span> <span class='ocrx_word' id='word_1_9' title='bbox 530 461 676 544; x_wconf 89' lang='lat' dir='ltr'><strong>lapidem</strong></span> <span class='ocrx_word' id='word_1_10' title='bbox 690 470 801 523; x_wconf 86' lang='lat' dir='ltr'><strong>cavat:</strong></span> <span class='ocrx_word' id='word_1_11' title='bbox 820 480 924 523; x_wconf 88' lang='lat' dir='ltr'><strong>uncus</strong></span> <span class='ocrx_word' id='word_1_12' title='bbox 936 460 1038 523; x_wconf 79' lang='lat' dir='ltr'>aratri</span> 
     </span>
     <span class='ocr_line' id='line_1_3' title="bbox 264 564 1017 661; baseline 0 -32"><span class='ocrx_word' id='word_1_13' title='bbox 264 568 401 630; x_wconf 78' lang='lat' dir='ltr'><strong>Ferreus</strong></span> <span class='ocrx_word' id='word_1_14' title='bbox 415 569 542 630; x_wconf 82' lang='lat' dir='ltr'>occulte</span> <span class='ocrx_word' id='word_1_15' title='bbox 558 564 715 661; x_wconf 82' lang='lat' dir='ltr'><strong>decrescit</strong></span> <span class='ocrx_word' id='word_1_16' title='bbox 732 584 846 627; x_wconf 87' lang='lat' dir='ltr'><strong>vomer</strong></span> <span class='ocrx_word' id='word_1_17' title='bbox 860 564 897 626; x_wconf 90' lang='lat' dir='ltr'><strong>in</strong></span> <span class='ocrx_word' id='word_1_18' title='bbox 913 566 1017 629; x_wconf 73' lang='lat' dir='ltr'><strong>arcls:</strong></span> 
     </span>
     <span class='ocr_line' id='line_1_4' title="bbox 260 671 1065 758; baseline 0 -23"><span class='ocrx_word' id='word_1_19' title='bbox 260 676 437 754; x_wconf 82' lang='lat' dir='ltr'><strong>&#39;Strataque</strong></span> <span class='ocrx_word' id='word_1_20' title='bbox 448 673 516 735; x_wconf 87' lang='lat' dir='ltr'><strong>iam</strong></span> <span class='ocrx_word' id='word_1_21' title='bbox 532 673 622 758; x_wconf 82' lang='lat' dir='ltr'><strong>volgi</strong></span> <span class='ocrx_word' id='word_1_22' title='bbox 640 672 780 754; x_wconf 90' lang='lat' dir='ltr'><strong>pedibus</strong></span> <span class='ocrx_word' id='word_1_23' title='bbox 800 671 920 736; x_wconf 88' lang='lat' dir='ltr'><strong>detrita</strong></span> <span class='ocrx_word' id='word_1_24' title='bbox 935 671 1065 735; x_wconf 88' lang='lat' dir='ltr'><strong>viarum</strong></span> 
     </span>
     <span class='ocr_line' id='line_1_5' title="bbox 264 771 1144 855; baseline 0.006 -21"><span class='ocrx_word' id='word_1_25' title='bbox 264 774 369 836; x_wconf 83' lang='lat' dir='ltr'><strong>Saxca</strong></span> <span class='ocrx_word' id='word_1_26' title='bbox 383 771 619 855; x_wconf 84' lang='lat' dir='ltr'><strong>conspicimus:</strong></span> <span class='ocrx_word' id='word_1_27' title='bbox 638 783 725 853; x_wconf 90' lang='lat' dir='ltr'><strong>tum,</strong></span> <span class='ocrx_word' id='word_1_28' title='bbox 743 781 853 853; x_wconf 86' lang='lat' dir='ltr'><strong>portas</strong></span> <span class='ocrx_word' id='word_1_29' title='bbox 867 781 1020 855; x_wconf 89' lang='lat' dir='ltr'><strong>propter,</strong></span> <span class='ocrx_word' id='word_1_30' title='bbox 1035 776 1144 839; x_wconf 87' lang='lat' dir='ltr'><strong>ahena</strong></span> 
     </span>
     <span class='ocr_line' id='line_1_6' title="bbox 200 877 1014 969; baseline -0.007 -23"><span class='ocrx_word' id='word_1_31' title='bbox 200 893 203 899; x_wconf 84' lang='grc'><strong>“</strong></span> <span class='ocrx_word' id='word_1_32' title='bbox 265 880 365 969; x_wconf 84' lang='lat' dir='ltr'><strong>Signa</strong></span> <span class='ocrx_word' id='word_1_33' title='bbox 377 900 494 943; x_wconf 88' lang='lat' dir='ltr'><strong>manus</strong></span> <span class='ocrx_word' id='word_1_34' title='bbox 513 881 642 941; x_wconf 84' lang='lat' dir='ltr'><strong>dextras</strong></span> <span class='ocrx_word' id='word_1_35' title='bbox 657 877 833 941; x_wconf 88' lang='lat' dir='ltr'><strong>ostendunt</strong></span> <span class='ocrx_word' id='word_1_36' title='bbox 850 879 1014 940; x_wconf 89' lang='lat' dir='ltr'><strong>attenuari</strong></span> 
     </span>
     <span class='ocr_line' id='line_1_7' title="bbox 264 989 1120 1072; baseline 0 -20"><span class='ocrx_word' id='word_1_37' title='bbox 264 991 369 1072; x_wconf 80' lang='lat' dir='ltr'>Saepe</span> <span class='ocrx_word' id='word_1_38' title='bbox 383 989 582 1052; x_wconf 82' lang='lat' dir='ltr'><strong>salutantum</strong></span> <span class='ocrx_word' id='word_1_39' title='bbox 597 995 703 1067; x_wconf 86' lang='lat' dir='ltr'><strong>tactu,</strong></span> <span class='ocrx_word' id='word_1_40' title='bbox 723 994 919 1068; x_wconf 82' lang='lat' dir='ltr'><strong>praeterque</strong></span> <span class='ocrx_word' id='word_1_41' title='bbox 935 997 1120 1052; x_wconf 82' lang='lat' dir='ltr'><strong>meantum.</strong></span> 
     </span>
     <span class='ocr_line' id='line_1_8' title="bbox 264 1088 1135 1178; baseline -0.002 -22"><span class='ocrx_word' id='word_1_42' title='bbox 264 1095 356 1157; x_wconf 88' lang='lat' dir='ltr'><strong>Haec</strong></span> <span class='ocrx_word' id='word_1_43' title='bbox 369 1092 471 1178; x_wconf 85' lang='lat' dir='ltr'><strong>igitur</strong></span> <span class='ocrx_word' id='word_1_44' title='bbox 486 1090 610 1173; x_wconf 89' lang='lat' dir='ltr'><strong>minui,</strong></span> <span class='ocrx_word' id='word_1_45' title='bbox 626 1109 728 1171; x_wconf 91' lang='lat' dir='ltr'><strong>quom</strong></span> <span class='ocrx_word' id='word_1_46' title='bbox 738 1089 804 1153; x_wconf 89' lang='lat' dir='ltr'><strong>sint</strong></span> <span class='ocrx_word' id='word_1_47' title='bbox 816 1088 950 1170; x_wconf 88' lang='lat' dir='ltr'><strong>detrita,</strong></span> <span class='ocrx_word' id='word_1_48' title='bbox 962 1089 1135 1171; x_wconf 80' lang='lat' dir='ltr'><strong>videmus;</strong></span> 
     </span>
     <span class='ocr_line' id='line_1_9' title="bbox 264 1197 1154 1284; baseline 0.001 -22"><span class='ocrx_word' id='word_1_49' title='bbox 264 1201 345 1282; x_wconf 84' lang='lat' dir='ltr'><strong>Sed,</strong></span> <span class='ocrx_word' id='word_1_50' title='bbox 361 1220 446 1281; x_wconf 87' lang='lat' dir='ltr'><strong>quae</strong></span> <span class='ocrx_word' id='word_1_51' title='bbox 462 1219 601 1282; x_wconf 93' lang='lat' dir='ltr'><strong>corpora</strong></span> <span class='ocrx_word' id='word_1_52' title='bbox 612 1201 771 1263; x_wconf 86' lang='lat' dir='ltr'><strong>decedant</strong></span> <span class='ocrx_word' id='word_1_53' title='bbox 785 1197 821 1260; x_wconf 92' lang='lat' dir='ltr'><strong>in</strong></span> <span class='ocrx_word' id='word_1_54' title='bbox 834 1207 980 1280; x_wconf 88' lang='lat' dir='ltr'><strong>tempore</strong></span> <span class='ocrx_word' id='word_1_55' title='bbox 998 1220 1154 1284; x_wconf 86' lang='lat' dir='ltr'><strong>quoque,</strong></span> 
     </span>
     <span class='ocr_line' id='line_1_10' title="bbox 264 1303 1027 1387; baseline -0.004 -21"><span class='ocrx_word' id='word_1_56' title='bbox 264 1305 382 1367; x_wconf 88' lang='lat' dir='ltr'><strong>Invida</strong></span> <span class='ocrx_word' id='word_1_57' title='bbox 399 1303 574 1387; x_wconf 85' lang='lat' dir='ltr'><strong>praeclusit</strong></span> <span class='ocrx_word' id='word_1_58' title='bbox 587 1303 729 1386; x_wconf 91' lang='lat' dir='ltr'><strong>speciem</strong></span> <span class='ocrx_word' id='word_1_59' title='bbox 744 1313 864 1365; x_wconf 90' lang='lat' dir='ltr'><strong>natura</strong></span> <span class='ocrx_word' id='word_1_60' title='bbox 881 1303 1027 1366; x_wconf 80' lang='lat' dir='ltr'><strong>videndi.</strong></span> 
     </span>
     <span class='ocr_line' id='line_1_11' title="bbox 304 1397 1121 1492; baseline 0.004 -20"><span class='ocrx_word' id='word_1_61' title='bbox 304 1397 490 1492; x_wconf 81' lang='lat' dir='ltr'><strong>Postremo,</strong></span> <span class='ocrx_word' id='word_1_62' title='bbox 503 1430 720 1491; x_wconf 89' lang='lat' dir='ltr'><strong>quaecunque</strong></span> <span class='ocrx_word' id='word_1_63' title='bbox 735 1410 804 1473; x_wconf 89' lang='lat' dir='ltr'><strong>dies</strong></span> <span class='ocrx_word' id='word_1_64' title='bbox 821 1418 1004 1490; x_wconf 88' lang='lat' dir='ltr'><strong>naturaque</strong></span> <span class='ocrx_word' id='word_1_65' title='bbox 1020 1409 1121 1475; x_wconf 87' lang='lat' dir='ltr'><strong>rebus</strong></span> 
     </span>
     <span class='ocr_line' id='line_1_12' title="bbox 191 1514 1100 1601; baseline 0 -23"><span class='ocrx_word' id='word_1_66' title='bbox 191 1543 197 1561; x_wconf 81' lang='lat'><em>.</em></span> <span class='ocrx_word' id='word_1_67' title='bbox 265 1514 441 1578; x_wconf 87' lang='lat' dir='ltr'><strong>Paullatim</strong></span> <span class='ocrx_word' id='word_1_68' title='bbox 455 1516 584 1597; x_wconf 87' lang='lat' dir='ltr'><strong>tribuit,</strong></span> <span class='ocrx_word' id='word_1_69' title='bbox 600 1514 796 1578; x_wconf 88' lang='lat' dir='ltr'><strong>moderatim</strong></span> <span class='ocrx_word' id='word_1_70' title='bbox 809 1533 953 1577; x_wconf 87' lang='lat' dir='ltr'><strong>crescere</strong></span> <span class='ocrx_word' id='word_1_71' title='bbox 964 1535 1100 1601; x_wconf 87' lang='lat' dir='ltr'><strong>cogens,</strong></span> 
     </span>
    </p>
   </div>
   <div class='ocr_carea' id='block_1_3' title="bbox 60 1618 1222 3587">
    <p class='ocr_par' dir='ltr' id='par_1_3' title="bbox 60 1618 1222 3587">
     <span class='ocr_line' id='line_1_13' title="bbox 263 1618 1049 1704; baseline -0.006 -20"><span class='ocrx_word' id='word_1_72' title='bbox 263 1622 363 1684; x_wconf 88' lang='lat' dir='ltr'><strong>Nulla</strong></span> <span class='ocrx_word' id='word_1_73' title='bbox 378 1631 484 1704; x_wconf 85' lang='lat' dir='ltr'><strong>potest</strong></span> <span class='ocrx_word' id='word_1_74' title='bbox 495 1624 668 1683; x_wconf 90' lang='lat' dir='ltr'><strong>oculorum</strong></span> <span class='ocrx_word' id='word_1_75' title='bbox 679 1618 765 1683; x_wconf 87' lang='lat' dir='ltr'><strong>acies</strong></span> <span class='ocrx_word' id='word_1_76' title='bbox 778 1627 930 1682; x_wconf 86' lang='lat' dir='ltr'><strong>contenta</strong></span> <span class='ocrx_word' id='word_1_77' title='bbox 948 1618 1049 1696; x_wconf 79' lang='lat' dir='ltr'><strong>tueri3</strong></span> 
     </span>
     <span class='ocr_line' id='line_1_14' title="bbox 264 1720 1153 1804; baseline 0.006 -22"><span class='ocrx_word' id='word_1_78' title='bbox 264 1723 331 1784; x_wconf 87' lang='lat' dir='ltr'><strong>Nec</strong></span> <span class='ocrx_word' id='word_1_79' title='bbox 342 1742 443 1804; x_wconf 88' lang='lat' dir='ltr'><strong>porro</strong></span> <span class='ocrx_word' id='word_1_80' title='bbox 451 1742 665 1802; x_wconf 89' lang='lat' dir='ltr'><strong>quaecunque</strong></span> <span class='ocrx_word' id='word_1_81' title='bbox 678 1741 761 1785; x_wconf 88' lang='lat' dir='ltr'><strong>aevo</strong></span> <span class='ocrx_word' id='word_1_82' title='bbox 778 1720 950 1803; x_wconf 84' lang='lat' dir='ltr'><strong>macieque</strong></span> <span class='ocrx_word' id='word_1_83' title='bbox 960 1731 1153 1787; x_wconf 84' lang='lat' dir='ltr'><strong>senescunt:</strong></span> 
     </span>
     <span class='ocr_line' id='line_1_15' title="bbox 263 1825 1185 1910; baseline 0.009 -25"><span class='ocrx_word' id='word_1_84' title='bbox 263 1825 346 1905; x_wconf 90' lang='lat' dir='ltr'><strong>Nec,</strong></span> <span class='ocrx_word' id='word_1_85' title='bbox 363 1844 455 1887; x_wconf 85' lang='lat' dir='ltr'><strong>mare</strong></span> <span class='ocrx_word' id='word_1_86' title='bbox 469 1843 554 1905; x_wconf 88' lang='lat' dir='ltr'><strong>quae</strong></span> <span class='ocrx_word' id='word_1_87' title='bbox 564 1825 773 1907; x_wconf 87' lang='lat' dir='ltr'><strong>impendent,</strong></span> <span class='ocrx_word' id='word_1_88' title='bbox 791 1845 888 1888; x_wconf 84' lang='lat' dir='ltr'><strong>vesco</strong></span> <span class='ocrx_word' id='word_1_89' title='bbox 895 1828 963 1889; x_wconf 88' lang='lat' dir='ltr'><strong>sale</strong></span> <span class='ocrx_word' id='word_1_90' title='bbox 972 1845 1051 1888; x_wconf 84' lang='lat' dir='ltr'><strong>saxa</strong></span> <span class='ocrx_word' id='word_1_91' title='bbox 1066 1849 1185 1910; x_wconf 88' lang='lat' dir='ltr'><strong>peresa</strong></span> 
     </span>
     <span class='ocr_line' id='line_1_16' title="bbox 264 1928 1161 2014; baseline 0.008 -25"><span class='ocrx_word' id='word_1_92' title='bbox 264 1928 355 2013; x_wconf 83' lang='lat' dir='ltr'><strong>Quid</strong></span> <span class='ocrx_word' id='word_1_93' title='bbox 367 1944 502 2011; x_wconf 83' lang='lat' dir='ltr'><strong>quoque</strong></span> <span class='ocrx_word' id='word_1_94' title='bbox 508 1928 659 1991; x_wconf 89' lang='lat' dir='ltr'><strong>amittant</strong></span> <span class='ocrx_word' id='word_1_95' title='bbox 667 1928 704 1991; x_wconf 92' lang='lat' dir='ltr'><strong>in</strong></span> <span class='ocrx_word' id='word_1_96' title='bbox 719 1941 882 2010; x_wconf 84' lang='lat' dir='ltr'><strong>tempore,</strong></span> <span class='ocrx_word' id='word_1_97' title='bbox 900 1950 1033 1993; x_wconf 85' lang='lat' dir='ltr'><strong>cernere</strong></span> <span class='ocrx_word' id='word_1_98' title='bbox 1045 1932 1161 2014; x_wconf 85' lang='lat' dir='ltr'><strong>possis.</strong></span> 
     </span>
     <span class='ocr_line' id='line_1_17' title="bbox 231 2034 1222 2125; baseline 0.005 -26"><span class='ocrx_word' id='word_1_99' title='bbox 231 2083 238 2099; x_wconf 88' lang='lat'>.</span> <span class='ocrx_word' id='word_1_100' title='bbox 264 2036 465 2118; x_wconf 85' lang='lat' dir='ltr'><strong>Corporibus</strong></span> <span class='ocrx_word' id='word_1_101' title='bbox 479 2035 583 2098; x_wconf 89' lang='lat' dir='ltr'><strong>caecis</strong></span> <span class='ocrx_word' id='word_1_102' title='bbox 599 2034 699 2122; x_wconf 81' lang='lat' dir='ltr'><strong>igitur</strong></span> <span class='ocrx_word' id='word_1_103' title='bbox 715 2045 832 2099; x_wconf 89' lang='lat' dir='ltr'><strong>natura</strong></span> <span class='ocrx_word' id='word_1_104' title='bbox 841 2034 925 2122; x_wconf 84' lang='lat' dir='ltr'><strong>gerit</strong></span> <span class='ocrx_word' id='word_1_105' title='bbox 941 2057 1003 2099; x_wconf 88' lang='lat' dir='ltr'><strong>res.</strong></span> <span class='ocrx_word' id='word_1_106' title='bbox 1159 2045 1222 2125; x_wconf 78' lang='lat'><strong>329</strong></span> 
     </span>
     <span class='ocr_line' id='line_1_18' title="bbox 190 2136 1172 2235; baseline 0.006 -33"><span class='ocrx_word' id='word_1_107' title='bbox 190 2139 258 2235; x_wconf 55' lang='lat' dir='ltr'><strong>,af</strong></span> <span class='ocrx_word' id='word_1_108' title='bbox 303 2143 371 2207; x_wconf 89' lang='lat' dir='ltr'><strong>Nec</strong></span> <span class='ocrx_word' id='word_1_109' title='bbox 384 2151 493 2204; x_wconf 89' lang='lat' dir='ltr'><strong>tamen</strong></span> <span class='ocrx_word' id='word_1_110' title='bbox 503 2142 651 2223; x_wconf 88' lang='lat' dir='ltr'><strong>undique</strong></span> <span class='ocrx_word' id='word_1_111' title='bbox 662 2160 821 2225; x_wconf 84' lang='lat' dir='ltr'><strong>corporea</strong></span> <span class='ocrx_word' id='word_1_112' title='bbox 832 2141 950 2225; x_wconf 86' lang='lat' dir='ltr'><strong>stipata</strong></span> <span class='ocrx_word' id='word_1_113' title='bbox 966 2152 1120 2209; x_wconf 88' lang='lat' dir='ltr'><strong>tenentur</strong></span> <span class='ocrx_word' id='word_1_114' title='bbox 1167 2136 1172 2140; x_wconf 38' lang='lat'>⁵</span> 
     </span>
     <span class='ocr_line' id='line_1_19' title="bbox 60 2214 1050 2326; baseline 0.003 -21"><span class='ocrx_word' id='word_1_115' title='bbox 60 2246 73 2253; x_wconf 84' lang='lat'><strong><em>&#39;</em></strong></span> <span class='ocrx_word' id='word_1_116' title='bbox 164 2214 194 2307; x_wconf 49' lang='lat' dir='ltr'><strong>,f</strong></span> <span class='ocrx_word' id='word_1_117' title='bbox 264 2245 388 2306; x_wconf 86' lang='lat' dir='ltr'><strong>Omnia</strong></span> <span class='ocrx_word' id='word_1_118' title='bbox 402 2255 535 2322; x_wconf 79' lang='lat' dir='ltr'><strong>natura3</strong></span> <span class='ocrx_word' id='word_1_119' title='bbox 552 2263 696 2326; x_wconf 90' lang='lat' dir='ltr'><strong>namque</strong></span> <span class='ocrx_word' id='word_1_120' title='bbox 710 2244 805 2309; x_wconf 87' lang='lat' dir='ltr'><strong>estin</strong></span> <span class='ocrx_word' id='word_1_121' title='bbox 817 2247 914 2308; x_wconf 90' lang='lat' dir='ltr'><strong>rebus</strong></span> <span class='ocrx_word' id='word_1_122' title='bbox 932 2245 1050 2308; x_wconf 89' lang='lat' dir='ltr'><strong>inane:</strong></span> 
     </span>
     <span class='ocr_line' id='line_1_20' title="bbox 264 2330 1102 2435; baseline 0.003 -21.589"><span class='ocrx_word' id='word_1_123' title='bbox 264 2352 364 2435; x_wconf 79' lang='lat' dir='ltr'><strong>Quod</strong></span> <span class='ocrx_word' id='word_1_124' title='bbox 379 2349 439 2412; x_wconf 87' lang='lat' dir='ltr'><strong>tibi</strong></span> <span class='ocrx_word' id='word_1_125' title='bbox 454 2369 612 2435; x_wconf 84' lang='lat' dir='ltr'><strong>cognosse</strong></span> <span class='ocrx_word' id='word_1_126' title='bbox 628 2350 664 2413; x_wconf 89' lang='lat' dir='ltr'><strong>in</strong></span> <span class='ocrx_word' id='word_1_127' title='bbox 680 2330 794 2414; x_wconf 82' lang='lat' dir='ltr'><strong>multis</strong></span> <span class='ocrx_word' id='word_1_128' title='bbox 812 2349 873 2412; x_wconf 87' lang='lat' dir='ltr'><strong>erit</strong></span> <span class='ocrx_word' id='word_1_129' title='bbox 886 2349 969 2412; x_wconf 90' lang='lat' dir='ltr'><strong>utile</strong></span> <span class='ocrx_word' id='word_1_130' title='bbox 985 2355 1102 2432; x_wconf 80' lang='lat' dir='ltr'><strong>rebus3</strong></span> 
     </span>
     <span class='ocr_line' id='line_1_21' title="bbox 262 2454 1173 2544; baseline 0.009 -27"><span class='ocrx_word' id='word_1_131' title='bbox 262 2459 331 2517; x_wconf 90' lang='lat' dir='ltr'><strong>Nec</strong></span> <span class='ocrx_word' id='word_1_132' title='bbox 345 2454 429 2518; x_wconf 87' lang='lat' dir='ltr'><strong>sinet</strong></span> <span class='ocrx_word' id='word_1_133' title='bbox 446 2464 610 2518; x_wconf 88' lang='lat' dir='ltr'><strong>errantem</strong></span> <span class='ocrx_word' id='word_1_134' title='bbox 625 2455 797 2534; x_wconf 88' lang='lat' dir='ltr'><strong>dubitare,</strong></span> <span class='ocrx_word' id='word_1_135' title='bbox 817 2464 849 2516; x_wconf 91' lang='lat' dir='ltr'><strong>et</strong></span> <span class='ocrx_word' id='word_1_136' title='bbox 862 2472 1020 2534; x_wconf 70' lang='lat' dir='ltr'><strong>quaerere</strong></span> <span class='ocrx_word' id='word_1_137' title='bbox 1039 2477 1173 2544; x_wconf 87' lang='lat' dir='ltr'><strong>semper</strong></span> 
     </span>
     <span class='ocr_line' id='line_1_22' title="bbox 87 2555 1053 2639; baseline 0.005 -21"><span class='ocrx_word' id='word_1_138' title='bbox 87 2576 97 2633; x_wconf 64' lang='grc' dir='ltr'><em>ζ</em></span> <span class='ocrx_word' id='word_1_139' title='bbox 180 2590 184 2598; x_wconf 72' lang='lat'><strong>,</strong></span> <span class='ocrx_word' id='word_1_140' title='bbox 261 2560 313 2619; x_wconf 91' lang='lat' dir='ltr'><strong>De</strong></span> <span class='ocrx_word' id='word_1_141' title='bbox 325 2577 454 2619; x_wconf 89' lang='lat' dir='ltr'><strong>summa</strong></span> <span class='ocrx_word' id='word_1_142' title='bbox 466 2578 593 2639; x_wconf 85' lang='lat' dir='ltr'><strong>rerum,</strong></span> <span class='ocrx_word' id='word_1_143' title='bbox 609 2570 640 2621; x_wconf 88' lang='lat' dir='ltr'><strong>et</strong></span> <span class='ocrx_word' id='word_1_144' title='bbox 653 2557 770 2620; x_wconf 84' lang='lat' dir='ltr'><strong>nostris</strong></span> <span class='ocrx_word' id='word_1_145' title='bbox 783 2555 932 2621; x_wconf 89' lang='lat' dir='ltr'><strong>diffidere</strong></span> <span class='ocrx_word' id='word_1_146' title='bbox 948 2557 1053 2623; x_wconf 85' lang='lat' dir='ltr'><strong>dictis.</strong></span> 
     </span>
     <span class='ocr_line' id='line_1_23' title="bbox 84 2640 1143 2749; baseline 0.007 -28"><span class='ocrx_word' id='word_1_147' title='bbox 84 2640 96 2667; x_wconf 37' lang='grc' dir='ltr'><strong>ζ’</strong></span> <span class='ocrx_word' id='word_1_148' title='bbox 264 2663 474 2746; x_wconf 75' lang='lat' dir='ltr'><strong>Quapropter</strong></span> <span class='ocrx_word' id='word_1_149' title='bbox 489 2663 580 2724; x_wconf 91' lang='lat' dir='ltr'><strong>locus</strong></span> <span class='ocrx_word' id='word_1_150' title='bbox 591 2671 638 2722; x_wconf 87' lang='lat' dir='ltr'><strong>est</strong></span> <span class='ocrx_word' id='word_1_151' title='bbox 648 2660 803 2742; x_wconf 88' lang='lat' dir='ltr'><strong>intactus,</strong></span> <span class='ocrx_word' id='word_1_152' title='bbox 816 2661 932 2744; x_wconf 91' lang='lat' dir='ltr'><strong>inane,</strong></span> <span class='ocrx_word' id='word_1_153' title='bbox 944 2684 1143 2749; x_wconf 87' lang='lat' dir='ltr'><strong>vacansque.</strong></span> 
     </span>
     <span class='ocr_line' id='line_1_24' title="bbox 264 2764 1000 2854; baseline 0.005 -26"><span class='ocrx_word' id='word_1_154' title='bbox 264 2770 363 2854; x_wconf 78' lang='lat' dir='ltr'><strong>Quod</strong></span> <span class='ocrx_word' id='word_1_155' title='bbox 379 2767 407 2831; x_wconf 91' lang='lat' dir='ltr'><strong>si</strong></span> <span class='ocrx_word' id='word_1_156' title='bbox 423 2788 492 2832; x_wconf 88' lang='lat' dir='ltr'><strong>non</strong></span> <span class='ocrx_word' id='word_1_157' title='bbox 511 2777 606 2850; x_wconf 88' lang='lat' dir='ltr'><strong>esset,</strong></span> <span class='ocrx_word' id='word_1_158' title='bbox 625 2770 717 2829; x_wconf 87' lang='lat' dir='ltr'><strong>nulla</strong></span> <span class='ocrx_word' id='word_1_159' title='bbox 732 2764 861 2830; x_wconf 84' lang='lat' dir='ltr'><strong>ratione</strong></span> <span class='ocrx_word' id='word_1_160' title='bbox 872 2771 1000 2833; x_wconf 87' lang='lat' dir='ltr'><strong>moveri</strong></span> 
     </span>
     <span class='ocr_line' id='line_1_25' title="bbox 262 2862 1221 2961; baseline 0.003 -23"><span class='ocrx_word' id='word_1_161' title='bbox 262 2862 328 2938; x_wconf 80' lang='lat' dir='ltr'><strong>Res</strong></span> <span class='ocrx_word' id='word_1_162' title='bbox 340 2884 485 2958; x_wconf 80' lang='lat' dir='ltr'><strong>possent3</strong></span> <span class='ocrx_word' id='word_1_163' title='bbox 503 2893 664 2955; x_wconf 90' lang='lat' dir='ltr'><strong>namque,</strong></span> <span class='ocrx_word' id='word_1_164' title='bbox 681 2867 828 2934; x_wconf 88' lang='lat' dir='ltr'><strong>officium</strong></span> <span class='ocrx_word' id='word_1_165' title='bbox 839 2876 929 2953; x_wconf 91' lang='lat' dir='ltr'><strong>quod</strong></span> <span class='ocrx_word' id='word_1_166' title='bbox 942 2872 1090 2957; x_wconf 84' lang='lat' dir='ltr'><strong>corporis</strong></span> <span class='ocrx_word' id='word_1_167' title='bbox 1100 2882 1221 2961; x_wconf 86' lang='lat' dir='ltr'><strong>exstat,</strong></span> 
     </span>
     <span class='ocr_line' id='line_1_26' title="bbox 265 2975 1182 3060; baseline 0 -17"><span class='ocrx_word' id='word_1_168' title='bbox 265 2977 404 3043; x_wconf 87' lang='lat' dir='ltr'><strong>Officere</strong></span> <span class='ocrx_word' id='word_1_169' title='bbox 420 2989 517 3060; x_wconf 91' lang='lat' dir='ltr'><strong>atque</strong></span> <span class='ocrx_word' id='word_1_170' title='bbox 534 2978 681 3059; x_wconf 90' lang='lat' dir='ltr'><strong>obstare,</strong></span> <span class='ocrx_word' id='word_1_171' title='bbox 695 2975 731 3037; x_wconf 94' lang='lat' dir='ltr'><strong>id</strong></span> <span class='ocrx_word' id='word_1_172' title='bbox 741 2975 777 3037; x_wconf 92' lang='lat' dir='ltr'><strong>in</strong></span> <span class='ocrx_word' id='word_1_173' title='bbox 787 2975 880 3038; x_wconf 87' lang='lat' dir='ltr'><strong>omni</strong></span> <span class='ocrx_word' id='word_1_174' title='bbox 895 2986 1042 3059; x_wconf 91' lang='lat' dir='ltr'><strong>tempore</strong></span> <span class='ocrx_word' id='word_1_175' title='bbox 1054 2980 1182 3043; x_wconf 87' lang='lat' dir='ltr'><strong>adesset</strong></span> 
     </span>
     <span class='ocr_line' id='line_1_27' title="bbox 265 3082 1217 3170; baseline -0.005 -19"><span class='ocrx_word' id='word_1_176' title='bbox 265 3088 446 3151; x_wconf 88' lang='lat' dir='ltr'><strong>Omnibus:</strong></span> <span class='ocrx_word' id='word_1_177' title='bbox 466 3086 555 3148; x_wconf 90' lang='lat' dir='ltr'><strong>haud</strong></span> <span class='ocrx_word' id='word_1_178' title='bbox 566 3083 668 3170; x_wconf 86' lang='lat' dir='ltr'><strong>igitur</strong></span> <span class='ocrx_word' id='word_1_179' title='bbox 683 3082 864 3163; x_wconf 88' lang='lat' dir='ltr'><strong>quidquam</strong></span> <span class='ocrx_word' id='word_1_180' title='bbox 879 3084 1058 3163; x_wconf 86' lang='lat' dir='ltr'><strong>procedere</strong></span> <span class='ocrx_word' id='word_1_181' title='bbox 1068 3090 1217 3167; x_wconf 87' lang='lat' dir='ltr'><strong>possent,</strong></span> 
     </span>
     <span class='ocr_line' id='line_1_28' title="bbox 262 3183 1097 3272; baseline -0.01 -18"><span class='ocrx_word' id='word_1_182' title='bbox 262 3189 467 3272; x_wconf 87' lang='lat' dir='ltr'><strong>Principium</strong></span> <span class='ocrx_word' id='word_1_183' title='bbox 484 3187 642 3268; x_wconf 89' lang='lat' dir='ltr'><strong>quoniam</strong></span> <span class='ocrx_word' id='word_1_184' title='bbox 659 3183 798 3247; x_wconf 86' lang='lat' dir='ltr'><strong>cedendi</strong></span> <span class='ocrx_word' id='word_1_185' title='bbox 813 3185 906 3245; x_wconf 88' lang='lat' dir='ltr'><strong>nulla</strong></span> <span class='ocrx_word' id='word_1_186' title='bbox 925 3186 1017 3246; x_wconf 88' lang='lat' dir='ltr'><strong>daret</strong></span> <span class='ocrx_word' id='word_1_187' title='bbox 1034 3205 1097 3248; x_wconf 83' lang='lat' dir='ltr'><strong>res.</strong></span> 
     </span>
     <span class='ocr_line' id='line_1_29' title="bbox 262 3276 1129 3374; baseline -0.006 -18"><span class='ocrx_word' id='word_1_188' title='bbox 262 3298 305 3357; x_wconf 81' lang='lat' dir='ltr'><strong>At</strong></span> <span class='ocrx_word' id='word_1_189' title='bbox 318 3315 406 3358; x_wconf 83' lang='lat' dir='ltr'><strong>nunc</strong></span> <span class='ocrx_word' id='word_1_190' title='bbox 417 3311 478 3374; x_wconf 92' lang='lat' dir='ltr'><strong>per</strong></span> <span class='ocrx_word' id='word_1_191' title='bbox 489 3289 610 3370; x_wconf 87' lang='lat' dir='ltr'><strong>maria,</strong></span> <span class='ocrx_word' id='word_1_192' title='bbox 623 3309 662 3351; x_wconf 90' lang='lat' dir='ltr'><strong>ac</strong></span> <span class='ocrx_word' id='word_1_193' title='bbox 678 3300 793 3368; x_wconf 89' lang='lat' dir='ltr'><strong>terras,</strong></span> <span class='ocrx_word' id='word_1_194' title='bbox 813 3276 1022 3368; x_wconf 82' lang='lat' dir='ltr'><strong>sublimaque</strong></span> <span class='ocrx_word' id='word_1_195' title='bbox 1033 3288 1129 3372; x_wconf 87' lang='lat' dir='ltr'><strong>coeli,</strong></span> 
     </span>
     <span class='ocr_line' id='line_1_30' title="bbox 263 3388 1003 3459; baseline -0.012 0"><span class='ocrx_word' id='word_1_196' title='bbox 263 3400 368 3459; x_wconf 91' lang='lat' dir='ltr'><strong>Multa</strong></span> <span class='ocrx_word' id='word_1_197' title='bbox 382 3393 488 3457; x_wconf 88' lang='lat' dir='ltr'><strong>modis</strong></span> <span class='ocrx_word' id='word_1_198' title='bbox 504 3390 615 3454; x_wconf 90' lang='lat' dir='ltr'><strong>multis</strong></span> <span class='ocrx_word' id='word_1_199' title='bbox 632 3390 723 3452; x_wconf 86' lang='lat' dir='ltr'><strong>varia</strong></span> <span class='ocrx_word' id='word_1_200' title='bbox 734 3388 861 3455; x_wconf 88' lang='lat' dir='ltr'><strong>ratione</strong></span> <span class='ocrx_word' id='word_1_201' title='bbox 876 3389 1003 3451; x_wconf 87' lang='lat' dir='ltr'><strong>moveri</strong></span> 
     </span>
     <span class='ocr_line' id='line_1_31' title="bbox 264 3493 1136 3587; baseline 0 -25"><span class='ocrx_word' id='word_1_202' title='bbox 264 3500 436 3563; x_wconf 85' lang='lat' dir='ltr'><strong>Cernimus</strong></span> <span class='ocrx_word' id='word_1_203' title='bbox 449 3507 524 3560; x_wconf 88' lang='lat' dir='ltr'><strong>ante</strong></span> <span class='ocrx_word' id='word_1_204' title='bbox 538 3497 666 3558; x_wconf 88' lang='lat' dir='ltr'><strong>oculos:</strong></span> <span class='ocrx_word' id='word_1_205' title='bbox 684 3513 783 3576; x_wconf 89' lang='lat' dir='ltr'><strong>quae,</strong></span> <span class='ocrx_word' id='word_1_206' title='bbox 800 3493 910 3587; x_wconf 76' lang='lat' dir='ltr'><strong>sinon</strong></span> <span class='ocrx_word' id='word_1_207' title='bbox 927 3507 1007 3558; x_wconf 86' lang='lat' dir='ltr'><strong>esset</strong></span> <span class='ocrx_word' id='word_1_208' title='bbox 1019 3495 1136 3584; x_wconf 85' lang='lat' dir='ltr'><strong>inane,</strong></span> 
     </span>
    </p>
   </div>
   <div class='ocr_carea' id='block_1_4' title="bbox 263 3602 1066 3801">
    <p class='ocr_par' dir='ltr' id='par_1_4' title="bbox 263 3602 1066 3801">
     <span class='ocr_line' id='line_1_32' title="bbox 263 3602 988 3699; baseline 0.001 -33"><span class='ocrx_word' id='word_1_209' title='bbox 263 3607 338 3666; x_wconf 90' lang='lat' dir='ltr'><strong>Non</strong></span> <span class='ocrx_word' id='word_1_210' title='bbox 350 3616 415 3699; x_wconf 83' lang='lat' dir='ltr'><strong>tam</strong></span> <span class='ocrx_word' id='word_1_211' title='bbox 427 3603 568 3668; x_wconf 89' lang='lat' dir='ltr'><strong>sollicito</strong></span> <span class='ocrx_word' id='word_1_212' title='bbox 582 3615 671 3665; x_wconf 89' lang='lat' dir='ltr'><strong>motu</strong></span> <span class='ocrx_word' id='word_1_213' title='bbox 683 3602 811 3685; x_wconf 85' lang='lat' dir='ltr'><strong>privata</strong></span> <span class='ocrx_word' id='word_1_214' title='bbox 825 3606 988 3686; x_wconf 82' lang='lat' dir='ltr'><strong>carerent,</strong></span> 
     </span>
     <span class='ocr_line' id='line_1_33' title="bbox 264 3709 1066 3801; baseline 0.009 -29"><span class='ocrx_word' id='word_1_215' title='bbox 264 3715 373 3797; x_wconf 76' lang='lat' dir='ltr'><strong>Quam</strong></span> <span class='ocrx_word' id='word_1_216' title='bbox 381 3713 492 3801; x_wconf 84' lang='lat' dir='ltr'><strong>genita</strong></span> <span class='ocrx_word' id='word_1_217' title='bbox 502 3711 640 3778; x_wconf 86' lang='lat' dir='ltr'><strong>omnino</strong></span> <span class='ocrx_word' id='word_1_218' title='bbox 656 3713 750 3776; x_wconf 87' lang='lat' dir='ltr'><strong>nulla</strong></span> <span class='ocrx_word' id='word_1_219' title='bbox 766 3709 893 3779; x_wconf 83' lang='lat' dir='ltr'><strong>ratione</strong></span> <span class='ocrx_word' id='word_1_220' title='bbox 911 3711 1066 3779; x_wconf 85' lang='lat' dir='ltr'><strong>fuissent:</strong></span> 
     </span>
    </p>
   </div>
   <div class='ocr_carea' id='block_1_5' title="bbox 0 0 1280 4726">
    <p class='ocr_par' dir='ltr' id='par_1_5' title="bbox 0 0 1280 4726">
     <span class='ocr_line' id='line_1_34' title="bbox 0 0 1280 4726; baseline 0 0"><span class='ocrx_word' id='word_1_221' title='bbox 0 0 1280 4726; x_wconf 95' lang='lat' dir='ltr'><strong> </strong></span> 
     </span>
    </p>
   </div>
  </div>
 </body>
</html>
