2572 4732
402 114 886 180 transmeato.
1079 141 1118 202 99
1224 116 1227 122 ⁴

202 259 292 347 Ergo
305 256 451 342 animus,
465 261 534 325 slve
547 261 719 349 aegrescit,
737 260 893 325 mortalia
905 259 999 349 signa

156 354 283 450 mitit,
294 376 333 431 ut
339 370 474 449 edocui3
491 390 549 434 seu
564 370 705 434 flectitur
721 371 936 435 amedicina:

159 474 277 554 Usque
289 476 374 537 adeo
386 474 632 540 faenerationis
646 494 723 540 vera
737 475 868 539 videtur

159 577 230 638 lies
244 590 434 659 occurrere,
451 589 483 639 et
498 573 659 663 effugium
678 582 891 662 praecludere
905 578 1013 658 eunti3
1133 577 1138 585 ⁴

162 677 375 762 Ancipitique
384 681 524 743 refutatu
544 682 741 745 convincere
755 683 885 745 falsum.
1095 755 1096 759 η

206 781 358 863 Denique
367 803 465 868 saepe
477 786 647 849 hominem
660 789 831 870 paullatim
842 789 1007 857 cernimus
1021 789 1084 874 ire,

168 886 208 947 Et
219 886 430 949 membratim
441 887 575 952 vitalem
591 889 769 971 deperdere
783 910 932 958 sensum:

169 990 208 1053 ln
221 989 361 1073 pedibus
371 989 515 1071 primum
532 987 652 1074 digitos
663 990 834 1074 livescere,
850 1004 881 1056 et
894 997 1047 1080 ungueis3

170 1094 251 1159 inde
261 1096 376 1178 pedes,
392 1105 425 1158 et
436 1113 550 1177 crura,
562 1094 664 1158 mori:
681 1106 754 1180 post
765 1097 844 1160 inde
857 1120 916 1181 per
926 1111 1017 1168 artus
1109 1099 1118 1119 ⁹

170 1201 222 1264 Ire
233 1200 317 1264 alios
327 1201 454 1265 tractim
472 1200 575 1289 gelidi
590 1203 726 1289 vestigia
743 1205 811 1268 leti.

171 1305 338 1369 Scinditur
347 1318 445 1389 atque
456 1309 570 1372 animo
585 1310 742 1390 quoniam
753 1322 887 1394 natura,
903 1333 966 1376 nec
975 1332 1044 1375 uno

171 1413 334 1494 Tempore
346 1413 474 1476 sincera
487 1411 624 1494 exsistit,
641 1413 788 1477 mortalis
805 1417 957 1482 habenda
972 1424 1028 1480 est.

172 1520 271 1603 Quod
283 1519 312 1582 si
321 1519 405 1581 forte
416 1530 525 1603 putas,
546 1522 652 1605 ipsam
661 1544 695 1588 se
706 1543 801 1606 posse
811 1545 871 1606 per
885 1535 974 1589 artus

172 1618 354 1685 introrsum
372 1624 518 1705 trahere,
535 1634 569 1687 et
583 1624 702 1707 parteis
717 1623 951 1688 conducere'in
965 1645 1088 1707 unum,

171 1728 278 1807 Atque
287 1725 363 1790 ideo
374 1728 499 1790 cunctis
508 1747 640 1790 sensum
651 1728 814 1790 deducere
828 1727 1004 1806 membris,

171 1835 214 1895 At
225 1835 318 1896 loeus
333 1832 392 1895 ille
407 1841 531 1914 tamen,
545 1853 611 1912 quo
626 1832 722 1914 copia
735 1843 824 1894 tanta
842 1831 966 1894 animai
1068 1832 1126 1896 ⁵35

174 1936 328 2021 Cogitur,
347 1933 383 1996 in
395 1954 490 1998 sensu
509 1936 606 1998 debet
618 1936 744 1998 maiore
758 1934 875 1998 videri.

175 2042 242 2126 Qui
255 2041 414 2123 quoniam
426 2059 589 2121 nusquam
598 2050 664 2123 est,
676 2039 851 2123 nimirum,
867 2048 905 2102 ut
919 2038 1064 2111 diximus

701 2154 793 2225 ante,

175 2246 355 2330 Dilanlata,
366 2247 452 2311 foras
467 2246 682 2334 dispergitur:
699 2246 810 2311 interit
822 2268 913 2337 ergo.

216 2349 439 2436 Quinetiam,
458 2349 487 2414 si
501 2350 570 2413 iarn
580 2349 680 2413 libeat
691 2353 869 2416 concedere
881 2352 1017 2435 falsum,

179 2454 322 2538 Etdare,
342 2474 434 2537 posse
446 2454 590 2520 animem
603 2457 780 2546 glomerari
790 2457 828 2521 in
839 2480 978 2542 corpore
995 2462 1131 2543 eorum,
1198 2484 1201 2489 ·

179 2566 319 2631 Lumina
329 2567 387 2649 qui
397 2567 552 2648 linquunt
566 2567 757 2630 moribundi
769 2566 1013 2650 particulatim,

180 2675 353 2739 Mortalem
366 2664 476 2738 tamen
485 2695 552 2738 esse
569 2674 714 2737 animam
726 2674 847 2735 fateare
858 2692 989 2736 necesse
1001 2683 1064 2739 ert:

183 2784 248 2846 Nec
263 2783 378 2864 refert,
392 2789 504 2844 utrum
516 2789 628 2865 pereat
642 2779 786 2862 dispersa
799 2798 861 2860 per
874 2797 987 2861 auras,
1062 2790 1066 2798 '

160 2955 164 2963 ,
184 2889 247 2969 ln,
265 2896 429 2950 contracta
440 2880 536 2950 s'uise
546 2883 708 2968 partibus,
723 2884 947 2960 obbrutescat;

185 2993 325 3077 Quando
334 2993 506 3055 hominem
515 2998 620 3054 totum
630 2985 734 3076 ma'gis
746 3006 785 3049 ac
798 2984 904 3073 magis
915 2984 1063 3067 undique

493 3176 497 3181 ⁵
709 3110 822 3156 sensns

186 3201 316 3285 Deficit,
334 3211 366 3265 et
376 3202 465 3265 vitae
476 3202 585 3267 minus
597 3209 629 3264 et
643 3197 751 3262 minus
764 3196 912 3278 undique
927 3202 1036 3259 restat.

224 3312 265 3373 Et
275 3306 435 3391 quoniam
446 3330 538 3373 mens
549 3319 597 3373 est
613 3306 757 3370 hominis
770 3326 846 3388 pars
857 3322 941 3386 nna,
956 3305 1096 3383 locoque

189 3414 265 3479 Fixa
277 3424 391 3478 manet
407 3425 513 3497 certo,
529 3418 619 3479 velut
634 3433 729 3478 aures
743 3421 842 3492 atque
856 3409 945 3473 oculi
955 3416 1047 3491 sunt,

191 3521 294 3602 Atque
307 3517 367 3584 alii
376 3537 506 3602 seusus,
521 3515 580 3599 qui
589 3514 1042 3653 vitameunquekguberuaut:

921 3971 1182 4101 mourut
