2550 4726
288 348 347 410 240
495 333 563 396 uu
586 332 773 397 renutu
803 333 1021 399 strunt
1081 355 1116 399 v.
1137 337 1202 420 ss,

283 484 488 563 Perooquere
500 484 694 565 humorem,
707 492 740 548 et
753 482 861 546 calido
875 481 1002 546 sociare
1014 485 1165 566 vapore?

284 589 496 671 Praesertim,
511 609 613 672 quom
624 590 681 653 vix
696 589 797 674 possit
808 609 869 672 per
881 597 993 671 saepta
1006 589 1182 657 domorum

283 695 457 760 Insinuare
467 716 563 761 suum
574 694 677 761 radiis
688 693 879 759 ardentibus
891 695 1041 759 aestum?

324 804 417 889 Quae
428 801 513 865 ratio
525 813 573 867 est
582 801 702 890 igitur?
714 801 898 885 Nimirum,
912 811 999 866 terra
1012 802 1121 890 magis
1135 805 1213 900 quod

282 909 371 970 Rara
382 915 469 970 tenet
482 904 606 969 circum
619 905 761 988 fontem,
775 925 877 986 quam
888 915 995 970 cetera
1008 908 1126 988 tellus;

282 1018 452 1096 Multaque
462 1022 538 1077 sunt
549 1012 637 1099 ignis
651 1033 757 1098 prope
773 1015 902 1079 semina
916 1036 1035 1100 corpus
1050 1021 1160 1100 aquai.

282 1128 369 1207 Hoc,
379 1123 438 1187 ubi
448 1121 592 1186 roriferis
604 1130 724 1185 terram
736 1141 805 1185 nox
817 1122 930 1187 obruit
941 1121 1089 1209 umbris,
1175 1136 1180 1143 “

281 1231 455 1315 Extemplo
465 1229 579 1292 subtus
591 1227 734 1314 frigescit
746 1236 847 1310 terra,
860 1228 1001 1311 coitque.

282 1322 355 1397 Hac
364 1331 491 1396 ratione
504 1329 558 1413 fit,
572 1341 625 1414 ut,
640 1342 798 1414 tanquam
809 1353 996 1416 compressa
1010 1354 1116 1400 mauu
1126 1335 1182 1420 sit,

282 1435 496 1522 Exprimatin
505 1435 644 1518 fontem,
657 1457 743 1528 quae
752 1435 879 1500 semina
890 1457 1020 1519 cunque
1030 1439 1133 1502 habet
1142 1436 1231 1527 ignita

280 1544 377 1626 Quae
388 1541 534 1630 calidum
550 1539 674 1603 faciunt
685 1538 791 1603 laticis
799 1549 921 1603 tactum
931 1550 1031 1623 atque
1045 1563 1207 1628 vaporem.

280 1646 381 1729 Inde,
395 1645 453 1708 ubi
465 1646 515 1709 sol
525 1643 626 1708 radiis
636 1653 757 1706 terram
773 1643 915 1707 dimovit
930 1645 1073 1732 obortis,
1148 1669 1153 1679 ’

282 1751 322 1812 Et
335 1747 505 1829 rareiecit,
520 1746 628 1809 calido
642 1747 799 1810 miscente
808 1746 948 1832 vapores

280 1856 407 1918 Rursus
418 1852 455 1916 in
470 1850 620 1934 antiquas
630 1853 771 1916 redeunt
786 1851 971 1937 primordia
983 1857 1092 1923 sedeis

179 2004 181 2009 ·
279 1959 389 2048 Ignis,
406 1969 437 2022 et
449 1959 486 2023 iu
498 1969 619 2022 terram
631 1957 716 2022 cedit
726 1961 817 2023 calor
827 1961 934 2026 omnis
945 1967 1064 2044 aquai:

281 2063 433 2154 Frigidus
444 2065 531 2126 hsnc
546 2065 590 2126 oh
600 2083 673 2137 rem
685 2060 721 2124 fit
735 2062 854 2129 sorsin
865 2067 939 2128 luce
949 2063 1080 2130 diurna.
1151 2136 1165 2171 x
1176 2068 1227 2148 875

321 2172 510 2251 Praeterea,
520 2169 599 2234 solis
612 2167 713 2233 radiis
722 2168 862 2234 iactetur
875 2174 975 2252 aquai

281 2279 430 2359 Humor,
443 2275 521 2340 etin
533 2278 644 2339 lucem
660 2277 802 2338 tremulo
815 2275 948 2339 rarescit
958 2279 1002 2340 eb
1015 2265 1125 2341 aestus

281 2387 459 2466 Propterea
467 2383 520 2467 fit,
529 2383 593 2467 uti,
607 2402 691 2465 quae
705 2382 830 2447 semim
844 2403 976 2464 cunque
991 2384 1092 2447 hahet
1104 2383 1198 2470 ignis,

280 2488 445 2568 Dimittat,
458 2491 551 2571 quasi
560 2509 657 2572 saepe
669 2491 798 2575 gelum,
809 2489 899 2570 quod
910 2488 1058 2552 continet
1069 2490 1108 2554 iu
1119 2511 1175 2573 se,

279 2590 396 2670 Mittit,
408 2597 439 2652 et
452 2591 590 2653 exsolvit
600 2593 757 2676 glaciem,
772 2597 941 2676 nodosque
955 2598 1091 2661 relaxat.

320 2692 473 2780 Frigidus
482 2704 530 2754 est
541 2692 640 2754 etiam
652 2695 739 2775 fons,
750 2718 849 2778 supra
860 2719 959 2778 quem
969 2698 1031 2763 sita
1040 2720 1139 2783 saepe

279 2797 405 2879 Stuppa
415 2795 492 2859 iacit
509 2796 694 2879 flammam,
707 2806 866 2883 'concepto
874 2802 1028 2884 protinus
1035 2802 1124 2891 igni,

280 2903 436 2982 Tedaque
449 2901 613 2966 consimili
628 2903 773 2988 ratione,
787 2925 923 2972 accensa
933 2929 994 2991 per
1003 2913 1122 2994 undas,

281 3012 454 3090 Conlucet,
465 3029 664 3091 quocunque
679 3023 796 3077 natam
804 3013 988 3098 impellitur
998 3014 1107 3079 auris:

278 3112 459 3195 Nimirum,
476 3113 554 3195 quia
565 3125 642 3178 sunt
654 3115 690 3177 in
704 3134 790 3198 aqua
804 3121 969 3201 permulta
981 3121 1114 3204 vaporis
1260 3130 1264 3205 t

279 3218 424 3296 Semina,
441 3218 482 3279 de
492 3228 642 3300 terraque
652 3240 781 3287 necesse
798 3233 845 3288 est
860 3224 1007 3290 funditus
1020 3226 1094 3310 ipsa

278 3325 369 3412 lgnls
380 3343 519 3407 corpora
528 3347 589 3407 per
600 3333 704 3389 totum
715 3347 913 3415 consurgere
924 3331 1072 3418 sontem,

277 3435 318 3496 Et
327 3431 425 3497 simul
438 3428 603 3511 exspirare
612 3431 719 3514 foras,
733 3431 935 3516 exirequein
944 3456 1060 3518 auras;
1079 3500 1084 3520 ,

277 3537 352 3598 Nou
364 3546 430 3597 tam
441 3533 517 3596 viva
529 3542 651 3614 nmen,
671 3535 796 3601 calidus
811 3548 909 3619 queat
922 3537 1041 3603 utfieri
1050 3543 1134 3607 tons.

317 3644 506 3722 Praeterea,
518 3639 661 3722 dispersa
671 3641 772 3722 foras,
786 3662 959 3727 erumpere
972 3644 1062 3732 cogit

278 3740 336 3806 Vis
346 3761 406 3824 per
420 3761 540 3825 aquarn
553 3743 678 3827 subito,
686 3766 881 3831 sursumque
890 3764 930 3817 ea
943 3753 1135 3818 conciliare:
