<?xml version="1.0" encoding="UTF-8"?>
<!DOCTYPE html PUBLIC "-//W3C//DTD XHTML 1.0 Transitional//EN"
    "http://www.w3.org/TR/xhtml1/DTD/xhtml1-transitional.dtd">
<html xmlns="http://www.w3.org/1999/xhtml" xml:lang="en" lang="en">
 <head>
  <title>
</title>
<meta http-equiv="Content-Type" content="text/html;charset=utf-8" />
  <meta name='ocr-system' content='tesseract 3.04.00' />
  <meta name='ocr-capabilities' content='ocr_page ocr_carea ocr_par ocr_line ocrx_word'/>
</head>
<body>
  <div class='ocr_page' id='page_1' title='image "./dererumnaturali00carugoog_0255.png"; bbox 0 0 2550 4726; ppageno 0'>
   <div class='ocr_carea' id='block_1_1' title="bbox 392 324 1101 393">
    <p class='ocr_par' dir='ltr' id='par_1_1' title="bbox 392 324 1101 393">
     <span class='ocr_line' id='line_1_1' title="bbox 392 324 1101 393; baseline 0.004 -5"><span class='ocrx_word' id='word_1_1' title='bbox 392 324 594 389; x_wconf 83' lang='lat' dir='ltr'>LIBER</span> <span class='ocrx_word' id='word_1_2' title='bbox 632 327 673 393; x_wconf 84' lang='lat' dir='ltr'><strong>V.</strong></span> <span class='ocrx_word' id='word_1_3' title='bbox 714 346 746 389; x_wconf 82' lang='lat' dir='ltr'><strong>r.</strong></span> <span class='ocrx_word' id='word_1_4' title='bbox 774 329 860 389; x_wconf 81' lang='lat' dir='ltr'><strong>ratio.</strong></span> <span class='ocrx_word' id='word_1_5' title='bbox 1042 333 1101 391; x_wconf 83' lang='lat'><strong>203</strong></span> 
     </span>
    </p>
   </div>
   <div class='ocr_carea' id='block_1_2' title="bbox 134 467 1179 3801">
    <p class='ocr_par' dir='ltr' id='par_1_2' title="bbox 134 467 912 556">
     <span class='ocr_line' id='line_1_2' title="bbox 134 467 912 556; baseline 0.005 -26"><span class='ocrx_word' id='word_1_6' title='bbox 134 468 248 549; x_wconf 68' lang='lat' dir='ltr'><strong>Atque</strong></span> <span class='ocrx_word' id='word_1_7' title='bbox 264 467 459 532; x_wconf 85' lang='lat' dir='ltr'><strong>lacunarum</strong></span> <span class='ocrx_word' id='word_1_8' title='bbox 472 469 602 533; x_wconf 79' lang='lat' dir='ltr'><strong>fueraut</strong></span> <span class='ocrx_word' id='word_1_9' title='bbox 610 467 747 556; x_wconf 79' lang='lat' dir='ltr'><strong>vestigia</strong></span> <span class='ocrx_word' id='word_1_10' title='bbox 756 470 912 552; x_wconf 86' lang='lat' dir='ltr'><strong>quoique.</strong></span> 
     </span>
    </p>

    <p class='ocr_par' dir='ltr' id='par_1_3' title="bbox 134 575 1046 973">
     <span class='ocr_line' id='line_1_3' title="bbox 134 575 1046 657; baseline 0.002 -20"><span class='ocrx_word' id='word_1_11' title='bbox 134 576 227 637; x_wconf 79' lang='lat' dir='ltr'><strong>Tum</strong></span> <span class='ocrx_word' id='word_1_12' title='bbox 237 575 431 656; x_wconf 79' lang='lat' dir='ltr'><strong>penetrabat</strong></span> <span class='ocrx_word' id='word_1_13' title='bbox 439 594 510 656; x_wconf 89' lang='lat' dir='ltr'><strong>eos,</strong></span> <span class='ocrx_word' id='word_1_14' title='bbox 520 594 616 657; x_wconf 84' lang='lat' dir='ltr'><strong>posse</strong></span> <span class='ocrx_word' id='word_1_15' title='bbox 624 576 723 656; x_wconf 85' lang='lat' dir='ltr'><strong>haee,</strong></span> <span class='ocrx_word' id='word_1_16' title='bbox 735 575 911 655; x_wconf 79' lang='lat' dir='ltr'><strong>liquefacta</strong></span> <span class='ocrx_word' id='word_1_17' title='bbox 922 575 1046 657; x_wconf 79' lang='lat' dir='ltr'><strong>calore,</strong></span> 
     </span>
     <span class='ocr_line' id='line_1_4' title="bbox 134 677 1026 762; baseline 0.004 -24"><span class='ocrx_word' id='word_1_18' title='bbox 134 677 334 762; x_wconf 76' lang='lat' dir='ltr'><strong>Quamlibet</strong></span> <span class='ocrx_word' id='word_1_19' title='bbox 343 677 379 740; x_wconf 90' lang='lat' dir='ltr'><strong>in</strong></span> <span class='ocrx_word' id='word_1_20' title='bbox 392 678 533 741; x_wconf 82' lang='lat' dir='ltr'><strong>formam</strong></span> <span class='ocrx_word' id='word_1_21' title='bbox 542 688 575 742; x_wconf 87' lang='lat' dir='ltr'><strong>et</strong></span> <span class='ocrx_word' id='word_1_22' title='bbox 584 677 702 742; x_wconf 79' lang='lat' dir='ltr'><strong>faciem</strong></span> <span class='ocrx_word' id='word_1_23' title='bbox 714 682 887 742; x_wconf 82' lang='lat' dir='ltr'>decurrere</span> <span class='ocrx_word' id='word_1_24' title='bbox 899 699 1026 761; x_wconf 89' lang='lat' dir='ltr'><strong>rerum,</strong></span> 
     </span>
     <span class='ocr_line' id='line_1_5' title="bbox 134 780 945 866; baseline 0 -22"><span class='ocrx_word' id='word_1_25' title='bbox 134 784 178 846; x_wconf 87' lang='lat' dir='ltr'><strong>Et</strong></span> <span class='ocrx_word' id='word_1_26' title='bbox 189 802 347 866; x_wconf 89' lang='lat' dir='ltr'><strong>prorsum</strong></span> <span class='ocrx_word' id='word_1_27' title='bbox 357 783 508 864; x_wconf 86' lang='lat' dir='ltr'><strong>quamvis</strong></span> <span class='ocrx_word' id='word_1_28' title='bbox 516 780 554 845; x_wconf 89' lang='lat' dir='ltr'><strong>in</strong></span> <span class='ocrx_word' id='word_1_29' title='bbox 571 792 666 845; x_wconf 84' lang='lat' dir='ltr'><strong>acuta</strong></span> <span class='ocrx_word' id='word_1_30' title='bbox 675 800 714 845; x_wconf 89' lang='lat' dir='ltr'><strong>ae</strong></span> <span class='ocrx_word' id='word_1_31' title='bbox 725 782 837 847; x_wconf 87' lang='lat' dir='ltr'><strong>tenuia</strong></span> <span class='ocrx_word' id='word_1_32' title='bbox 849 801 945 865; x_wconf 80' lang='lat' dir='ltr'><strong>posse</strong></span> 
     </span>
     <span class='ocr_line' id='line_1_6' title="bbox 134 887 815 973; baseline 0.006 -25"><span class='ocrx_word' id='word_1_33' title='bbox 134 888 342 949; x_wconf 87' lang='lat' dir='ltr'><strong>Mucronum</strong></span> <span class='ocrx_word' id='word_1_34' title='bbox 353 888 430 951; x_wconf 86' lang='lat' dir='ltr'><strong>duci</strong></span> <span class='ocrx_word' id='word_1_35' title='bbox 443 887 573 973; x_wconf 80' lang='lat' dir='ltr'><strong>fastigia</strong></span> <span class='ocrx_word' id='word_1_36' title='bbox 585 890 815 973; x_wconf 84' lang='lat' dir='ltr'><strong>procudendo,</strong></span> 
     </span>
    </p>

    <p class='ocr_par' dir='ltr' id='par_1_4' title="bbox 134 989 1179 1288">
     <span class='ocr_line' id='line_1_7' title="bbox 134 989 1179 1081; baseline 0.008 -29"><span class='ocrx_word' id='word_1_37' title='bbox 134 991 185 1052; x_wconf 86' lang='lat' dir='ltr'><strong>Ut</strong></span> <span class='ocrx_word' id='word_1_38' title='bbox 193 989 260 1054; x_wconf 86' lang='lat' dir='ltr'><strong>sibi</strong></span> <span class='ocrx_word' id='word_1_39' title='bbox 273 992 336 1055; x_wconf 85' lang='lat' dir='ltr'><strong>teta</strong></span> <span class='ocrx_word' id='word_1_40' title='bbox 348 1003 480 1076; x_wconf 87' lang='lat' dir='ltr'><strong>parent,</strong></span> <span class='ocrx_word' id='word_1_41' title='bbox 490 992 655 1075; x_wconf 85' lang='lat' dir='ltr'><strong>silvasque</strong></span> <span class='ocrx_word' id='word_1_42' title='bbox 666 1003 698 1056; x_wconf 90' lang='lat' dir='ltr'><strong>et</strong></span> <span class='ocrx_word' id='word_1_43' title='bbox 710 996 845 1061; x_wconf 77' lang='lat' dir='ltr'>caedere</span> <span class='ocrx_word' id='word_1_44' title='bbox 855 993 994 1081; x_wconf 80' lang='lat' dir='ltr'><strong>possint,</strong></span> <span class='ocrx_word' id='word_1_45' title='bbox 1015 1020 1019 1026; x_wconf 92' lang='lat'><strong>·</strong></span> <span class='ocrx_word' id='word_1_46' title='bbox 1095 1042 1097 1045; x_wconf 88' lang='lat'>-</span> <span class='ocrx_word' id='word_1_47' title='bbox 1172 1037 1179 1075; x_wconf 42' lang='lat'><strong>¹.</strong></span> 
     </span>
     <span class='ocr_line' id='line_1_8' title="bbox 134 1095 1064 1190; baseline 0.01 -32"><span class='ocrx_word' id='word_1_48' title='bbox 134 1095 382 1178; x_wconf 86' lang='lat' dir='ltr'><strong>Materiemque</strong></span> <span class='ocrx_word' id='word_1_49' title='bbox 392 1099 519 1181; x_wconf 85' lang='lat' dir='ltr'><strong>dotare,</strong></span> <span class='ocrx_word' id='word_1_50' title='bbox 530 1101 661 1163; x_wconf 84' lang='lat' dir='ltr'><strong>laerare</strong></span> <span class='ocrx_word' id='word_1_51' title='bbox 670 1121 709 1182; x_wconf 80' lang='lat' dir='ltr'><strong>ae</strong></span> <span class='ocrx_word' id='word_1_52' title='bbox 718 1102 834 1165; x_wconf 85' lang='lat' dir='ltr'><strong>radere</strong></span> <span class='ocrx_word' id='word_1_53' title='bbox 848 1101 957 1190; x_wconf 81' lang='lat' dir='ltr'><strong>tigna,</strong></span> <span class='ocrx_word' id='word_1_54' title='bbox 1061 1101 1064 1109; x_wconf 84' lang='grc'>’</span> 
     </span>
     <span class='ocr_line' id='line_1_9' title="bbox 134 1203 1021 1288; baseline 0.003 -24"><span class='ocrx_word' id='word_1_55' title='bbox 134 1203 181 1266; x_wconf 84' lang='lat' dir='ltr'><strong>Et</strong></span> <span class='ocrx_word' id='word_1_56' title='bbox 193 1205 360 1267; x_wconf 78' lang='lat' dir='ltr'><strong>terebrare</strong></span> <span class='ocrx_word' id='word_1_57' title='bbox 368 1203 484 1285; x_wconf 87' lang='lat' dir='ltr'><strong>etiarn,</strong></span> <span class='ocrx_word' id='word_1_58' title='bbox 494 1225 533 1268; x_wconf 88' lang='lat' dir='ltr'><strong>ae</strong></span> <span class='ocrx_word' id='word_1_59' title='bbox 543 1206 754 1286; x_wconf 89' lang='lat' dir='ltr'><strong>pertundere,</strong></span> <span class='ocrx_word' id='word_1_60' title='bbox 765 1222 890 1288; x_wconf 80' lang='lat' dir='ltr'><strong>perque</strong></span> <span class='ocrx_word' id='word_1_61' title='bbox 901 1205 1021 1268; x_wconf 82' lang='lat' dir='ltr'><strong>forare.</strong></span> 
     </span>
    </p>

    <p class='ocr_par' dir='ltr' id='par_1_5' title="bbox 135 1310 1126 2556">
     <span class='ocr_line' id='line_1_10' title="bbox 183 1310 1069 1398; baseline 0 -24"><span class='ocrx_word' id='word_1_62' title='bbox 183 1314 253 1375; x_wconf 88' lang='lat' dir='ltr'><strong>Nec</strong></span> <span class='ocrx_word' id='word_1_63' title='bbox 261 1311 370 1374; x_wconf 89' lang='lat' dir='ltr'><strong>minus</strong></span> <span class='ocrx_word' id='word_1_64' title='bbox 380 1321 518 1398; x_wconf 80' lang='lat' dir='ltr'><strong>argento</strong></span> <span class='ocrx_word' id='word_1_65' title='bbox 525 1310 633 1374; x_wconf 78' lang='lat' dir='ltr'><strong>facere</strong></span> <span class='ocrx_word' id='word_1_66' title='bbox 643 1313 726 1376; x_wconf 79' lang='lat' dir='ltr'><strong>haee</strong></span> <span class='ocrx_word' id='word_1_67' title='bbox 734 1331 883 1392; x_wconf 86' lang='lat' dir='ltr'><strong>auroque</strong></span> <span class='ocrx_word' id='word_1_68' title='bbox 891 1313 1069 1395; x_wconf 82' lang='lat' dir='ltr'><strong>parabant,</strong></span> 
     </span>
     <span class='ocr_line' id='line_1_11' title="bbox 135 1413 935 1498; baseline 0.003 -22"><span class='ocrx_word' id='word_1_69' title='bbox 135 1417 255 1498; x_wconf 71' lang='lat' dir='ltr'><strong>Quam</strong></span> <span class='ocrx_word' id='word_1_70' title='bbox 264 1413 368 1477; x_wconf 88' lang='lat' dir='ltr'><strong>validi</strong></span> <span class='ocrx_word' id='word_1_71' title='bbox 376 1414 522 1497; x_wconf 83' lang='lat' dir='ltr'><strong>primum</strong></span> <span class='ocrx_word' id='word_1_72' title='bbox 531 1415 686 1478; x_wconf 78' lang='lat' dir='ltr'><strong>violentis</strong></span> <span class='ocrx_word' id='word_1_73' title='bbox 696 1414 821 1479; x_wconf 80' lang='lat' dir='ltr'><strong>viribus</strong></span> <span class='ocrx_word' id='word_1_74' title='bbox 833 1415 935 1481; x_wconf 74' lang='lat' dir='ltr'><strong>aeria:</strong></span> 
     </span>
     <span class='ocr_line' id='line_1_12' title="bbox 136 1518 971 1603; baseline 0.004 -24"><span class='ocrx_word' id='word_1_75' title='bbox 136 1518 391 1599; x_wconf 65' lang='lat' dir='ltr'><strong>Nequidquam</strong></span> <span class='ocrx_word' id='word_1_76' title='bbox 402 1518 561 1601; x_wconf 86' lang='lat' dir='ltr'><strong>quoniam</strong></span> <span class='ocrx_word' id='word_1_77' title='bbox 573 1520 709 1583; x_wconf 83' lang='lat' dir='ltr'><strong>cedebat</strong></span> <span class='ocrx_word' id='word_1_78' title='bbox 716 1520 802 1584; x_wconf 81' lang='lat' dir='ltr'><strong>victa</strong></span> <span class='ocrx_word' id='word_1_79' title='bbox 813 1528 971 1603; x_wconf 78' lang='lat' dir='ltr'><strong>potestas,</strong></span> 
     </span>
     <span class='ocr_line' id='line_1_13' title="bbox 137 1621 934 1707; baseline 0.005 -24"><span class='ocrx_word' id='word_1_80' title='bbox 137 1622 212 1685; x_wconf 80' lang='lat' dir='ltr'><strong>Nec</strong></span> <span class='ocrx_word' id='word_1_81' title='bbox 222 1625 481 1707; x_wconf 87' lang='lat' dir='ltr'><strong>poteratpariter</strong></span> <span class='ocrx_word' id='word_1_82' title='bbox 489 1628 610 1688; x_wconf 89' lang='lat' dir='ltr'><strong>durum</strong></span> <span class='ocrx_word' id='word_1_83' title='bbox 623 1621 759 1689; x_wconf 84' lang='lat' dir='ltr'><strong>sufferre</strong></span> <span class='ocrx_word' id='word_1_84' title='bbox 774 1627 934 1689; x_wconf 84' lang='lat' dir='ltr'><strong>laborem.</strong></span> 
     </span>
     <span class='ocr_line' id='line_1_14' title="bbox 140 1727 1002 1818; baseline 0.008 -31"><span class='ocrx_word' id='word_1_85' title='bbox 140 1727 229 1787; x_wconf 79' lang='lat' dir='ltr'><strong>Nam</strong></span> <span class='ocrx_word' id='word_1_86' title='bbox 243 1727 306 1790; x_wconf 86' lang='lat' dir='ltr'><strong>fuit</strong></span> <span class='ocrx_word' id='word_1_87' title='bbox 316 1729 351 1790; x_wconf 89' lang='lat' dir='ltr'><strong>in</strong></span> <span class='ocrx_word' id='word_1_88' title='bbox 365 1730 472 1812; x_wconf 88' lang='lat' dir='ltr'><strong>pretio</strong></span> <span class='ocrx_word' id='word_1_89' title='bbox 483 1729 587 1818; x_wconf 87' lang='lat' dir='ltr'><strong>magis</strong></span> <span class='ocrx_word' id='word_1_90' title='bbox 600 1751 668 1813; x_wconf 88' lang='lat' dir='ltr'><strong>aes,</strong></span> <span class='ocrx_word' id='word_1_91' title='bbox 678 1731 1002 1813; x_wconf 84' lang='lat' dir='ltr'><strong>aurumqueiaecbat</strong></span> 
     </span>
     <span class='ocr_line' id='line_1_15' title="bbox 140 1833 996 1920; baseline 0.004 -25"><span class='ocrx_word' id='word_1_92' title='bbox 140 1833 285 1916; x_wconf 79' lang='lat' dir='ltr'><strong>Propter</strong></span> <span class='ocrx_word' id='word_1_93' title='bbox 295 1835 523 1920; x_wconf 84' lang='lat' dir='ltr'><strong>inutilitatem,</strong></span> <span class='ocrx_word' id='word_1_94' title='bbox 536 1835 648 1900; x_wconf 86' lang='lat' dir='ltr'><strong>hebeti</strong></span> <span class='ocrx_word' id='word_1_95' title='bbox 662 1852 821 1901; x_wconf 86' lang='lat' dir='ltr'><strong>mucrone</strong></span> <span class='ocrx_word' id='word_1_96' title='bbox 832 1848 996 1901; x_wconf 81' lang='lat' dir='ltr'><strong>retusum:</strong></span> 
     </span>
     <span class='ocr_line' id='line_1_16' title="bbox 140 1922 1105 2022; baseline -0.001 -23"><span class='ocrx_word' id='word_1_97' title='bbox 140 1936 242 2002; x_wconf 79' lang='lat' dir='ltr'><strong>Nune</strong></span> <span class='ocrx_word' id='word_1_98' title='bbox 253 1939 337 2002; x_wconf 84' lang='lat' dir='ltr'><strong>iacet</strong></span> <span class='ocrx_word' id='word_1_99' title='bbox 345 1960 544 2022; x_wconf 79' lang='lat' dir='ltr'><strong>aes,curum</strong></span> <span class='ocrx_word' id='word_1_100' title='bbox 552 1940 588 2003; x_wconf 90' lang='lat' dir='ltr'><strong>iu</strong></span> <span class='ocrx_word' id='word_1_101' title='bbox 597 1940 923 2005; x_wconf 87' lang='lat' dir='ltr'><strong>summumsuceessit</strong></span> <span class='ocrx_word' id='word_1_102' title='bbox 932 1922 1105 2003; x_wconf 75' lang='lat' dir='ltr'><strong>bonorcni.</strong></span> 
     </span>
     <span class='ocr_line' id='line_1_17' title="bbox 140 2037 1126 2129; baseline -0.005 -20"><span class='ocrx_word' id='word_1_103' title='bbox 140 2044 200 2109; x_wconf 73' lang='lat' dir='ltr'><strong>sic</strong></span> <span class='ocrx_word' id='word_1_104' title='bbox 210 2037 380 2109; x_wconf 84' lang='lat' dir='ltr'><strong>volvunda</strong></span> <span class='ocrx_word' id='word_1_105' title='bbox 391 2056 480 2111; x_wconf 79' lang='lat' dir='ltr'><strong>aetas</strong></span> <span class='ocrx_word' id='word_1_106' title='bbox 492 2055 672 2110; x_wconf 88' lang='lat' dir='ltr'><strong>commutat</strong></span> <span class='ocrx_word' id='word_1_107' title='bbox 682 2058 832 2129; x_wconf 88' lang='lat' dir='ltr'><strong>tempora</strong></span> <span class='ocrx_word' id='word_1_108' title='bbox 844 2065 974 2109; x_wconf 85' lang='lat' dir='ltr'><strong>rerum:</strong></span> <span class='ocrx_word' id='word_1_109' title='bbox 1030 2042 1105 2125; x_wconf 80' lang='lat'><strong>¹²7⁵</strong></span> <span class='ocrx_word' id='word_1_110' title='bbox 1124 2117 1126 2123; x_wconf 12' lang='lat' dir='ltr'>y</span> 
     </span>
     <span class='ocr_line' id='line_1_18' title="bbox 143 2150 967 2235; baseline 0.002 -24"><span class='ocrx_word' id='word_1_111' title='bbox 143 2152 249 2235; x_wconf 69' lang='lat' dir='ltr'><strong>Quod</strong></span> <span class='ocrx_word' id='word_1_112' title='bbox 258 2150 321 2214; x_wconf 85' lang='lat' dir='ltr'><strong>fuit</strong></span> <span class='ocrx_word' id='word_1_113' title='bbox 332 2152 367 2214; x_wconf 88' lang='lat' dir='ltr'><strong>in</strong></span> <span class='ocrx_word' id='word_1_114' title='bbox 378 2152 502 2235; x_wconf 88' lang='lat' dir='ltr'><strong>pretio,</strong></span> <span class='ocrx_word' id='word_1_115' title='bbox 511 2151 548 2216; x_wconf 88' lang='lat' dir='ltr'><strong>fit</strong></span> <span class='ocrx_word' id='word_1_116' title='bbox 561 2155 654 2217; x_wconf 90' lang='lat' dir='ltr'><strong>nullo</strong></span> <span class='ocrx_word' id='word_1_117' title='bbox 664 2151 807 2234; x_wconf 90' lang='lat' dir='ltr'><strong>denique</strong></span> <span class='ocrx_word' id='word_1_118' title='bbox 822 2153 967 2229; x_wconf 74' lang='lat' dir='ltr'><strong>honore3</strong></span> 
     </span>
     <span class='ocr_line' id='line_1_19' title="bbox 145 2255 916 2339; baseline 0.004 -24"><span class='ocrx_word' id='word_1_119' title='bbox 145 2255 251 2317; x_wconf 87' lang='lat' dir='ltr'><strong>Porro</strong></span> <span class='ocrx_word' id='word_1_120' title='bbox 262 2255 353 2316; x_wconf 87' lang='lat' dir='ltr'><strong>aliud</strong></span> <span class='ocrx_word' id='word_1_121' title='bbox 362 2257 519 2339; x_wconf 85' lang='lat' dir='ltr'><strong>succedit,</strong></span> <span class='ocrx_word' id='word_1_122' title='bbox 535 2268 566 2320; x_wconf 90' lang='lat' dir='ltr'><strong>et</strong></span> <span class='ocrx_word' id='word_1_123' title='bbox 577 2255 823 2321; x_wconf 86' lang='lat' dir='ltr'><strong>econtemtibus</strong></span> <span class='ocrx_word' id='word_1_124' title='bbox 835 2255 916 2336; x_wconf 78' lang='lat' dir='ltr'><strong>exit,</strong></span> 
     </span>
     <span class='ocr_line' id='line_1_20' title="bbox 147 2352 989 2444; baseline 0.008 -29"><span class='ocrx_word' id='word_1_125' title='bbox 147 2352 253 2434; x_wconf 87' lang='lat' dir='ltr'><strong>Inque</strong></span> <span class='ocrx_word' id='word_1_126' title='bbox 265 2355 334 2419; x_wconf 89' lang='lat' dir='ltr'><strong>dies</strong></span> <span class='ocrx_word' id='word_1_127' title='bbox 344 2355 448 2444; x_wconf 82' lang='lat' dir='ltr'><strong>magis</strong></span> <span class='ocrx_word' id='word_1_128' title='bbox 460 2358 642 2443; x_wconf 86' lang='lat' dir='ltr'><strong>appetitur,</strong></span> <span class='ocrx_word' id='word_1_129' title='bbox 651 2361 810 2440; x_wconf 86' lang='lat' dir='ltr'><strong>floretque</strong></span> <span class='ocrx_word' id='word_1_130' title='bbox 819 2367 989 2442; x_wconf 86' lang='lat' dir='ltr'><strong>repertum</strong></span> 
     </span>
     <span class='ocr_line' id='line_1_21' title="bbox 150 2461 968 2556; baseline 0.007 -34"><span class='ocrx_word' id='word_1_131' title='bbox 150 2461 333 2543; x_wconf 75' lang='lat' dir='ltr'><strong>Laudibus,</strong></span> <span class='ocrx_word' id='word_1_132' title='bbox 347 2472 379 2526; x_wconf 90' lang='lat' dir='ltr'><strong>et</strong></span> <span class='ocrx_word' id='word_1_133' title='bbox 393 2463 484 2533; x_wconf 65' lang='lat' dir='ltr'><strong>miro,</strong></span> <span class='ocrx_word' id='word_1_134' title='bbox 494 2464 662 2529; x_wconf 84' lang='lat' dir='ltr'><strong>mortaleis</strong></span> <span class='ocrx_word' id='word_1_135' title='bbox 672 2465 759 2556; x_wconf 83' lang='lat' dir='ltr'><strong>inter</strong></span> <span class='ocrx_word' id='word_1_136' title='bbox 771 2468 899 2528; x_wconf 92' lang='lat' dir='ltr'><strong>bonore</strong></span> <span class='ocrx_word' id='word_1_137' title='bbox 909 2473 968 2529; x_wconf 81' lang='lat' dir='ltr'><strong>est.</strong></span> 
     </span>
    </p>

    <p class='ocr_par' dir='ltr' id='par_1_6' title="bbox 151 2569 968 2764">
     <span class='ocr_line' id='line_1_22' title="bbox 190 2569 951 2655; baseline 0.008 -25"><span class='ocrx_word' id='word_1_138' title='bbox 190 2571 287 2632; x_wconf 91' lang='lat' dir='ltr'><strong>Nunc</strong></span> <span class='ocrx_word' id='word_1_139' title='bbox 302 2569 373 2649; x_wconf 89' lang='lat' dir='ltr'><strong>tibi,</strong></span> <span class='ocrx_word' id='word_1_140' title='bbox 385 2587 452 2650; x_wconf 91' lang='lat' dir='ltr'><strong>quo</strong></span> <span class='ocrx_word' id='word_1_141' title='bbox 462 2579 559 2653; x_wconf 85' lang='lat' dir='ltr'><strong>paeto</strong></span> <span class='ocrx_word' id='word_1_142' title='bbox 572 2571 652 2634; x_wconf 87' lang='lat' dir='ltr'><strong>ferri</strong></span> <span class='ocrx_word' id='word_1_143' title='bbox 667 2583 785 2636; x_wconf 78' lang='lat' dir='ltr'><strong>natura</strong></span> <span class='ocrx_word' id='word_1_144' title='bbox 799 2580 930 2655; x_wconf 75' lang='lat' dir='ltr'><strong>reperta</strong></span> <span class='ocrx_word' id='word_1_145' title='bbox 948 2599 951 2602; x_wconf 94' lang='lat'>·</span> 
     </span>
     <span class='ocr_line' id='line_1_23' title="bbox 151 2666 968 2764; baseline 0.002 -26"><span class='ocrx_word' id='word_1_146' title='bbox 151 2675 212 2757; x_wconf 80' lang='lat' dir='ltr'><strong>Sit,</strong></span> <span class='ocrx_word' id='word_1_147' title='bbox 225 2666 322 2740; x_wconf 81' lang='lat' dir='ltr'><strong>facile</strong></span> <span class='ocrx_word' id='word_1_148' title='bbox 335 2687 382 2739; x_wconf 87' lang='lat' dir='ltr'><strong>est</strong></span> <span class='ocrx_word' id='word_1_149' title='bbox 396 2674 460 2759; x_wconf 87' lang='lat' dir='ltr'><strong>ipsi</strong></span> <span class='ocrx_word' id='word_1_150' title='bbox 471 2699 532 2759; x_wconf 89' lang='lat' dir='ltr'><strong>per</strong></span> <span class='ocrx_word' id='word_1_151' title='bbox 547 2688 578 2740; x_wconf 91' lang='lat' dir='ltr'><strong>te</strong></span> <span class='ocrx_word' id='word_1_152' title='bbox 592 2697 807 2764; x_wconf 76' lang='lat' dir='ltr'><strong>cognoscere,</strong></span> <span class='ocrx_word' id='word_1_153' title='bbox 819 2675 968 2743; x_wconf 83' lang='lat' dir='ltr'><strong>Memmi.</strong></span> 
     </span>
    </p>

    <p class='ocr_par' dir='ltr' id='par_1_7' title="bbox 152 2779 1110 3289">
     <span class='ocr_line' id='line_1_24' title="bbox 190 2779 1108 2872; baseline 0.004 -27"><span class='ocrx_word' id='word_1_154' title='bbox 190 2787 291 2846; x_wconf 81' lang='lat' dir='ltr'><strong>Arma</strong></span> <span class='ocrx_word' id='word_1_155' title='bbox 301 2779 453 2866; x_wconf 77' lang='lat' dir='ltr'><strong>antiqua,</strong></span> <span class='ocrx_word' id='word_1_156' title='bbox 463 2804 595 2867; x_wconf 82' lang='lat' dir='ltr'><strong>manus,</strong></span> <span class='ocrx_word' id='word_1_157' title='bbox 607 2806 751 2872; x_wconf 84' lang='lat' dir='ltr'><strong>ungues,</strong></span> <span class='ocrx_word' id='word_1_158' title='bbox 767 2789 949 2868; x_wconf 83' lang='lat' dir='ltr'><strong>dentesque</strong></span> <span class='ocrx_word' id='word_1_159' title='bbox 960 2787 1108 2869; x_wconf 85' lang='lat' dir='ltr'><strong>fuerunt,</strong></span> 
     </span>
     <span class='ocr_line' id='line_1_25' title="bbox 152 2884 991 2973; baseline 0.007 -28"><span class='ocrx_word' id='word_1_160' title='bbox 152 2884 191 2945; x_wconf 88' lang='lat' dir='ltr'><strong>Et</strong></span> <span class='ocrx_word' id='word_1_161' title='bbox 199 2885 343 2967; x_wconf 89' lang='lat' dir='ltr'><strong>lapides,</strong></span> <span class='ocrx_word' id='word_1_162' title='bbox 362 2896 395 2948; x_wconf 91' lang='lat' dir='ltr'><strong>et</strong></span> <span class='ocrx_word' id='word_1_163' title='bbox 409 2885 500 2968; x_wconf 81' lang='lat' dir='ltr'><strong>item,</strong></span> <span class='ocrx_word' id='word_1_164' title='bbox 516 2886 676 2951; x_wconf 87' lang='lat' dir='ltr'><strong>silvarum</strong></span> <span class='ocrx_word' id='word_1_165' title='bbox 689 2887 874 2973; x_wconf 75' lang='lat' dir='ltr'><strong>fragmina,</strong></span> <span class='ocrx_word' id='word_1_166' title='bbox 887 2887 991 2966; x_wconf 77' lang='lat' dir='ltr'><strong>rami3</strong></span> 
     </span>
     <span class='ocr_line' id='line_1_26' title="bbox 154 2983 1110 3077; baseline 0.006 -29"><span class='ocrx_word' id='word_1_167' title='bbox 154 2983 944 3077; x_wconf 69' lang='lat' dir='ltr'><strong>Et,flarumaatqueignespostquamsuntcognita</strong></span> <span class='ocrx_word' id='word_1_168' title='bbox 952 2987 1110 3075; x_wconf 84' lang='lat' dir='ltr'><strong>primum,</strong></span> 
     </span>
     <span class='ocr_line' id='line_1_27' title="bbox 152 3093 866 3178; baseline 0.006 -23"><span class='ocrx_word' id='word_1_169' title='bbox 152 3095 317 3158; x_wconf 84' lang='lat' dir='ltr'><strong>Posterius</strong></span> <span class='ocrx_word' id='word_1_170' title='bbox 330 3094 410 3158; x_wconf 83' lang='lat' dir='ltr'><strong>ferri</strong></span> <span class='ocrx_word' id='word_1_171' title='bbox 423 3093 473 3157; x_wconf 84' lang='lat' dir='ltr'><strong>ris</strong></span> <span class='ocrx_word' id='word_1_172' title='bbox 488 3103 535 3157; x_wconf 83' lang='lat' dir='ltr'><strong>est</strong></span> <span class='ocrx_word' id='word_1_173' title='bbox 551 3093 701 3176; x_wconf 78' lang='lat' dir='ltr'><strong>aerisque</strong></span> <span class='ocrx_word' id='word_1_174' title='bbox 717 3104 866 3178; x_wconf 68' lang='lat' dir='ltr'><strong>repertae</strong></span> 
     </span>
     <span class='ocr_line' id='line_1_28' title="bbox 153 3194 990 3289; baseline 0.007 -28"><span class='ocrx_word' id='word_1_175' title='bbox 153 3200 192 3262; x_wconf 86' lang='lat' dir='ltr'><strong>Et</strong></span> <span class='ocrx_word' id='word_1_176' title='bbox 204 3201 299 3283; x_wconf 86' lang='lat' dir='ltr'><strong>prior</strong></span> <span class='ocrx_word' id='word_1_177' title='bbox 313 3199 398 3264; x_wconf 87' lang='lat' dir='ltr'><strong>aeris</strong></span> <span class='ocrx_word' id='word_1_178' title='bbox 413 3209 500 3284; x_wconf 86' lang='lat' dir='ltr'><strong>erat,</strong></span> <span class='ocrx_word' id='word_1_179' title='bbox 513 3220 612 3282; x_wconf 85' lang='lat' dir='ltr'><strong>quarn</strong></span> <span class='ocrx_word' id='word_1_180' title='bbox 622 3200 717 3285; x_wconf 81' lang='lat' dir='ltr'><strong>ferri,</strong></span> <span class='ocrx_word' id='word_1_181' title='bbox 730 3201 882 3289; x_wconf 81' lang='lat' dir='ltr'><strong>cognitus</strong></span> <span class='ocrx_word' id='word_1_182' title='bbox 893 3194 990 3283; x_wconf 64' lang='lat' dir='ltr'><strong>netu,</strong></span> 
     </span>
    </p>

    <p class='ocr_par' dir='ltr' id='par_1_8' title="bbox 153 3307 954 3397">
     <span class='ocr_line' id='line_1_29' title="bbox 153 3307 954 3397; baseline 0.006 -27"><span class='ocrx_word' id='word_1_183' title='bbox 153 3310 229 3392; x_wconf 78' lang='lat' dir='ltr'><strong>Quo</strong></span> <span class='ocrx_word' id='word_1_184' title='bbox 240 3307 345 3372; x_wconf 86' lang='lat' dir='ltr'><strong>facilis</strong></span> <span class='ocrx_word' id='word_1_185' title='bbox 356 3307 460 3397; x_wconf 82' lang='lat' dir='ltr'><strong>magis</strong></span> <span class='ocrx_word' id='word_1_186' title='bbox 470 3317 518 3373; x_wconf 85' lang='lat' dir='ltr'><strong>est</strong></span> <span class='ocrx_word' id='word_1_187' title='bbox 531 3319 666 3392; x_wconf 88' lang='lat' dir='ltr'><strong>natura,</strong></span> <span class='ocrx_word' id='word_1_188' title='bbox 679 3319 714 3373; x_wconf 90' lang='lat' dir='ltr'><strong>et</strong></span> <span class='ocrx_word' id='word_1_189' title='bbox 723 3307 823 3394; x_wconf 80' lang='lat' dir='ltr'><strong>eopia</strong></span> <span class='ocrx_word' id='word_1_190' title='bbox 835 3310 954 3381; x_wconf 82' lang='lat' dir='ltr'><strong>maior.</strong></span> 
     </span>
    </p>

    <p class='ocr_par' dir='ltr' id='par_1_9' title="bbox 153 3414 957 3602">
     <span class='ocr_line' id='line_1_30' title="bbox 153 3414 935 3498; baseline 0.001 -21"><span class='ocrx_word' id='word_1_191' title='bbox 153 3416 238 3478; x_wconf 82' lang='lat' dir='ltr'><strong>Aere</strong></span> <span class='ocrx_word' id='word_1_192' title='bbox 245 3418 354 3478; x_wconf 85' lang='lat' dir='ltr'><strong>solum</strong></span> <span class='ocrx_word' id='word_1_193' title='bbox 367 3425 473 3480; x_wconf 89' lang='lat' dir='ltr'><strong>terrae</strong></span> <span class='ocrx_word' id='word_1_194' title='bbox 482 3417 682 3498; x_wconf 74' lang='lat' dir='ltr'><strong>tractabant,</strong></span> <span class='ocrx_word' id='word_1_195' title='bbox 697 3434 838 3498; x_wconf 83' lang='lat' dir='ltr'><strong>aereque</strong></span> <span class='ocrx_word' id='word_1_196' title='bbox 852 3414 935 3480; x_wconf 86' lang='lat' dir='ltr'><strong>belli</strong></span> 
     </span>
     <span class='ocr_line' id='line_1_31' title="bbox 153 3509 957 3602; baseline 0.002 -19"><span class='ocrx_word' id='word_1_197' title='bbox 153 3519 335 3585; x_wconf 88' lang='lat' dir='ltr'><strong>Miscebant</strong></span> <span class='ocrx_word' id='word_1_198' title='bbox 349 3509 483 3602; x_wconf 86' lang='lat' dir='ltr'><strong>fluetus,</strong></span> <span class='ocrx_word' id='word_1_199' title='bbox 499 3531 532 3583; x_wconf 91' lang='lat' dir='ltr'><strong>et</strong></span> <span class='ocrx_word' id='word_1_200' title='bbox 543 3521 680 3585; x_wconf 86' lang='lat' dir='ltr'><strong>volnera</strong></span> <span class='ocrx_word' id='word_1_201' title='bbox 691 3531 781 3585; x_wconf 81' lang='lat' dir='ltr'><strong>vasta</strong></span> <span class='ocrx_word' id='word_1_202' title='bbox 790 3522 957 3600; x_wconf 77' lang='lat' dir='ltr'><strong>serebant,</strong></span> 
     </span>
    </p>

    <p class='ocr_par' dir='ltr' id='par_1_10' title="bbox 155 3626 1079 3801">
     <span class='ocr_line' id='line_1_32' title="bbox 155 3626 1079 3716; baseline 0.004 -26"><span class='ocrx_word' id='word_1_203' title='bbox 155 3629 193 3692; x_wconf 86' lang='lat' dir='ltr'><strong>Et</strong></span> <span class='ocrx_word' id='word_1_204' title='bbox 207 3652 308 3714; x_wconf 88' lang='lat' dir='ltr'><strong>pecus</strong></span> <span class='ocrx_word' id='word_1_205' title='bbox 317 3642 415 3712; x_wconf 86' lang='lat' dir='ltr'><strong>atque</strong></span> <span class='ocrx_word' id='word_1_206' title='bbox 425 3649 521 3716; x_wconf 81' lang='lat' dir='ltr'><strong>agros</strong></span> <span class='ocrx_word' id='word_1_207' title='bbox 531 3630 739 3693; x_wconf 82' lang='lat' dir='ltr'><strong>adimebant:</strong></span> <span class='ocrx_word' id='word_1_208' title='bbox 755 3649 834 3701; x_wconf 83' lang='lat' dir='ltr'><strong>nam</strong></span> <span class='ocrx_word' id='word_1_209' title='bbox 847 3627 944 3693; x_wconf 82' lang='lat' dir='ltr'><strong>facile</strong></span> <span class='ocrx_word' id='word_1_210' title='bbox 955 3626 1032 3694; x_wconf 70' lang='lat' dir='ltr'><strong>oute</strong></span> <span class='ocrx_word' id='word_1_211' title='bbox 1073 3626 1079 3637; x_wconf 71' lang='lat'>&#39;</span> 
     </span>
     <span class='ocr_line' id='line_1_33' title="bbox 157 3729 915 3801; baseline -0.005 -5"><span class='ocrx_word' id='word_1_212' title='bbox 157 3733 283 3798; x_wconf 88' lang='lat' dir='ltr'><strong>Omnia</strong></span> <span class='ocrx_word' id='word_1_213' title='bbox 296 3734 456 3799; x_wconf 86' lang='lat' dir='ltr'><strong>cedebant</strong></span> <span class='ocrx_word' id='word_1_214' title='bbox 473 3729 608 3801; x_wconf 73' lang='lat' dir='ltr'><strong>armatis</strong></span> <span class='ocrx_word' id='word_1_215' title='bbox 625 3732 717 3801; x_wconf 77' lang='lat' dir='ltr'><strong>nuda</strong></span> <span class='ocrx_word' id='word_1_216' title='bbox 729 3739 763 3796; x_wconf 87' lang='lat' dir='ltr'><strong>et</strong></span> <span class='ocrx_word' id='word_1_217' title='bbox 775 3729 915 3794; x_wconf 84' lang='lat' dir='ltr'><strong>inerma.</strong></span> 
     </span>
    </p>
   </div>
   <div class='ocr_carea' id='block_1_3' title="bbox 0 0 1291 4726">
    <p class='ocr_par' dir='ltr' id='par_1_11' title="bbox 0 0 1291 4726">
     <span class='ocr_line' id='line_1_34' title="bbox 0 0 1291 4726; baseline 0 0"><span class='ocrx_word' id='word_1_218' title='bbox 0 0 1291 4726; x_wconf 95' lang='lat' dir='ltr'><strong> </strong></span> 
     </span>
    </p>
   </div>
  </div>
 </body>
</html>
