2572 4732
418 341 621 405 LIBER
660 343 727 407 VI.
765 364 798 405 v.
824 342 893 408 262·
1060 368 1116 414 221

163 477 214 544 Sic
226 477 330 566 igitur
344 498 462 563 supera
476 488 623 543 nostrum
639 489 737 563 caput
751 500 819 545 esse
830 472 1013 565 putandum
1028 497 1075 551 est

162 584 401 666 Tempestatem
412 586 528 647 altam
541 604 648 664 neque
661 583 750 646 enim
764 585 905 672 caligine
918 599 1007 653 tanta

165 689 350 753 obruerent
363 701 480 771 terras,
491 690 556 754 nisi
569 687 776 753 inaedificata
785 709 929 774 superne

163 795 266 856 Multa
277 795 384 877 forent
394 796 505 861 multis
516 807 645 858 exemto
658 794 775 859 nubila
786 795 871 858 sole:

162 901 187 962 N
189 922 226 962 ec
241 912 332 964 tanto
345 912 478 983 possent
488 901 654 964 venientes
664 897 851 982 opprimere
865 899 979 981 imbri,

160 998 313 1069 Flumina
326 1008 496 1094 abundare
506 1015 543 1070 ut
554 1007 715 1089 facerent,
730 1024 930 1088 camposque
942 1016 1074 1092 natare,

159 1109 190 1172 Si
200 1132 273 1177 non
283 1112 455 1176 exstructis
464 1112 549 1177 foret
558 1116 623 1177 alte
636 1112 779 1197 nubibus
789 1115 914 1176 aether.

193 1218 264 1282 Hic
275 1218 376 1305 igitur
390 1221 496 1285 ventis
506 1231 605 1302 atque
617 1221 751 1307 ignibus
765 1220 878 1282 omnia
888 1221 989 1302 plena

152 1326 254 1388 Sunt:
263 1324 343 1389 ideo
355 1325 476 1408 passim
489 1326 638 1389 fremitus
651 1335 684 1388 et
695 1325 829 1410 fulgura
838 1323 933 1387 frunt.
1006 1368 1009 1373 -

150 1427 290 1514 Quippe
300 1430 422 1503 etenim
432 1449 532 1512 supra
544 1429 657 1511 docui,
667 1431 831 1512 permulta
839 1427 972 1513 vaporis

147 1531 288 1596 Semina
300 1536 423 1596 habere
436 1552 531 1596 cavas
542 1531 674 1610 uubeis3
688 1541 720 1596 et
730 1534 836 1596 multa
849 1542 1038 1597 necesseest

148 1638 338 1720 concipere
350 1660 391 1703 ex
403 1641 484 1706 solis
496 1638 614 1723 radiis,
628 1642 812 1721 ardoreque
823 1654 950 1704 eorum.
1026 1676 1029 1681 -

148 1743 235 1824 Hic,
249 1742 308 1806 ubi
318 1754 449 1826 ventus,
464 1765 518 1810 eas
530 1746 620 1809 idem
634 1745 691 1826 qui
704 1743 793 1830 cogit
806 1746 843 1808 in
854 1766 961 1809 unum

148 1850 251 1911 Forte
261 1850 371 1913 locum
385 1850 551 1931 quemvis,
564 1849 720 1932 expressit
730 1851 834 1911 multa
845 1849 978 1931 vaporis

149 1953 301 2036 Semina,
315 1976 415 2035 seque
423 1955 522 2018 simul
534 1976 611 2017 cum
623 1973 664 2015 eo
676 1953 883 2015 commiscuit
892 1955 981 2040 igui3

147 2057 340 2122 Insinuatus
353 2059 400 2123 ibi
414 2069 528 2123 vortex
541 2068 693 2122 vorsatur
705 2058 740 2119 in
752 2059 836 2144 ¹alto,
1048 2076 1107 2139 277
1194 2132 1196 2139 ἲ

148 2163 191 2224 Et
203 2161 320 2226 calidis
331 2165 418 2227 acuit
428 2165 556 2227 fulmen
565 2161 754 2226 fornacibus
764 2160 864 2226 intus·
951 2244 954 2250 .

149 2268 235 2330 Nam
246 2269 372 2351 duplici
380 2270 509 2334 ratione
523 2269 732 2333 accenditur:
743 2266 814 2351 ipse
826 2286 887 2331 sua
900 2286 977 2329 cum

149 2371 336 2436 Mobilitate
352 2375 495 2457 calescit,
508 2383 539 2437 et
551 2395 570 2435 c
583 2371 775 2459 contagibus
786 2371 883 2457 ignis.
935 2410 938 2414 ·

150 2477 232 2539 Inde
243 2477 302 2540 ubi
311 2479 474 2557 percaluit
484 2477 535 2542 vis
545 2476 650 2557 venti,
661 2477 715 2539 vel
726 2473 837 2562 gravis
846 2474 936 2562 ignis

150 2583 294 2664 lmpetus
303 2580 448 2660 incessit;
463 2592 630 2645 maturum
642 2590 711 2645 tum
724 2579 817 2662 quasi
828 2582 955 2645 fulmen

150 2681 330 2745 Petscindit
338 2684 446 2747 subito
456 2687 596 2766 nubem,
605 2685 792 2766 ferturque,
801 2683 943 2747 coruscis

150 2786 273 2850 Omnia
285 2788 467 2853 luminibus
478 2792 626 2855 lustrans
633 2791 724 2868 loca,
733 2788 1004 2874 percitusardor:

148 2891 255 2973 Quem
265 2891 375 2975 gravis
386 2893 569 2972 insequitur
577 2890 718 2971 sonitus,
730 2889 875 2972 displosa
889 2902 1025 2973 repente

147 2991 345 3075 opprimere
354 3003 391 3056 ut
401 2993 485 3057 coeli
494 2993 669 3056 videantur
680 2993 802 3072 templa
811 3011 964 3073 superne.

146 3097 229 3161 Inde
239 3107 361 3162 tremor
371 3109 472 3164 terras
482 3097 628 3186 graviter
636 3106 810 3180 pertentat,
824 3105 857 3158 et
868 3097 974 3191 altum
1087 3098 1088 3102 ’
1157 3181 1164 3191 Ι

144 3203 318 3265 Murmura
327 3213 524 3285 percurrunt
533 3203 677 3278 coelum3
692 3219 770 3263 nam
781 3209 848 3261 tota
859 3198 928 3261 fere
942 3209 1013 3260 tum

144 3310 333 3391 Tempestas
340 3307 495 3374 concussa
505 3306 628 3393 tremit,
640 3308 855 3389 fremitusque
862 3316 1057 3384 moventur:

144 3417 220 3499 Quo
231 3417 272 3478 de
282 3436 440 3480 concussu
452 3418 599 3498 sequitur
608 3415 718 3504 gravis
726 3398 834 3478 imber
845 3426 878 3478 et
888 3415 989 3495 uber,

145 3516 264 3582 Omnis
273 3518 323 3591 uti
335 3518 485 3581 videatur
494 3520 532 3582 in
542 3521 682 3584 imbrem
693 3519 815 3582 vortier
824 3519 953 3598 aether,

142 3625 250 3704 Atque
259 3625 305 3688 ita
315 3625 533 3708 praecipitans
544 3628 586 3690 ad
596 3626 756 3691 diluviem
771 3643 941 3688 revocare:

142 3729 267 3797 Tantus
274 3775 285 3813 ,
296 3729 432 3796 discidio
443 3730 541 3796 nubis
549 3775 560 3814 ,
568 3730 724 3812 ventique
738 3729 899 3812 procella,

657 3848 678 3899 d
