2550 4726
154 346 213 422 ιη
351 341 632 407 urrunnu
657 336 874 410 urruns
921 355 965 435 ν..
976 352 1051 418 107²·

152 489 264 570 Quam
272 481 414 547 miseris:
426 480 549 546 etenim
562 451 717 564 potiundi
731 489 878 562 tempore
890 477 1010 562 inipso
1104 464 1108 571 l

152 591 303 654 Fluctuat
320 586 452 652 incertis
467 584 633 650 erroribus
649 587 749 649 ardor
763 592 951 649 amantum:
1105 574 1108 653 l

110 690 114 695 ’
152 688 1079 777 Necconstatquidprimumoeulismanibusquelruantrr.
1106 710 1108 761 ς

153 800 253 883 Quod
262 797 400 882 petiere,
414 805 570 880 premunt
582 805 686 878 arete,
698 793 888 889 iaciuntque
902 795 1044 857 dolorem

152 901 324 984 Corporis,
338 911 371 965 et
384 902 509 968 denteis
520 900 666 965 inlidunt
676 892 775 986 saepe
789 900 935 980 labellis,

154 1004 340 1086 Osculaque
356 1005 520 1091 affligunt,
536 1004 615 1085 quia
625 1025 694 1068 non
707 1015 754 1068 est
768 1023 853 1086 pura
862 1004 1027 1085 voluptess
1067 1008 1072 1019 '
1106 1050 1108 1061 .

152 1109 328 1176 litstimuli
340 1113 492 1194 subsunt,
506 1110 565 1192 qui
579 1111 735 1198 instigant
746 1113 878 1176 laedere
889 1108 927 1171 id
941 1109 1057 1192 ipsun,

152 1219 384 1302 Quodcunque
396 1227 458 1301 est,
470 1217 578 1281 rabies
589 1217 677 1280 unde
690 1215 769 1281 illae
778 1214 930 1301 germina
943 1215 1067 1299 tergent·

14 1379 18 1387 .
153 1326 219 1387 Sed
227 1325 344 1391 leviter
358 1347 481 1410 poenas
494 1325 615 1414 frangit
622 1329 736 1391 Venus
743 1324 828 1387 inter
839 1342 1003 1404 umorem,
1102 1332 1108 1349 ”·

132 1464 135 1469 »
152 1429 342 1511 Blandaque
352 1431 514 1495 refraenat
529 1449 656 1496 morsus
670 1428 816 1493 admixta
825 1429 989 1509 voluptas.
1010 1472 1017 1485 .

192 1532 387 1613 Namquein
397 1554 439 1597 eo
452 1553 525 1616 spes
538 1542 602 1615 est,
615 1534 705 1596 unde
719 1540 768 1596 est
781 1528 908 1594 ardoris
920 1527 1028 1612 origo,
1106 1542 1108 1555 ·

152 1635 615 1721 Restinguiquoqueposseab
624 1639 740 1699 eodem
750 1652 889 1716 corpore
900 1633 1071 1693 munaus

154 1740 254 1822 Quod
267 1737 340 1800 fieri
355 1749 468 1802 contra
480 1759 592 1802 coram
605 1749 723 1803 natura
736 1747 916 1824 repugnat:

154 1844 294 1924 Unaque
305 1846 447 1908 reshaec
458 1853 520 1926 est,
536 1844 655 1925 quoius
665 1844 887 1927 quoplurima
901 1843 1067 1910 hahemus

137 1955 237 2017 'Tam
250 1952 355 2039 magis
365 1951 504 2016 ardescit
513 1951 586 2014 dira
596 1950 758 2035 cupediue
773 1959 897 2034 pectus.
1025 1928 1093 2007 roffi

152 2064 237 2124 Nam
248 2061 339 2125 cibus
350 2070 448 2142 atque
460 2061 583 2122 humor
591 2048 748 2122 membris
761 2054 945 2118 adsumitur
958 2053 1064 2116 intusa

154 2167 249 2250 Quae
260 2166 418 2246 quoniam
432 2175 535 2227 certas
549 2170 686 2246 posnrnt
696 2160 845 2225 obsidere
858 2158 996 2242 parteis,

153 2274 227 2335 Hoc
238 2271 335 2334 facile
345 2274 493 2355 expletur
504 2269 641 2333 laticum
656 2269 855 2352 frugumque
870 2265 1010 2347 cupido:
1052 2284 1057 2289 ·

153 2375 204 2434 Ex
220 2373 364 2436 hominis
377 2393 456 2435 vero
472 2373 573 2453 facie,
589 2374 794 2455 pulchroque
809 2371 944 2450 colore,

27 2485 33 2499 ‘
153 2479 209 2541 Nil
218 2481 361 2546 daturin
374 2501 494 2563 corpus
504 2490 633 2562 praeter
645 2479 820 2544 simulacra
833 2478 1035 2557 fruundum,

153 2583 297 2660 Tenuia;
316 2604 399 2663 quae
415 2593 515 2645 vento
525 2605 601 2666 spes
611 2588 707 2665 rapta
722 2592 768 2646 est
780 2601 878 2667 saepe
895 2579 1039 2642 misella·

154 2691 199 2757 Ut
208 2686 324 2752 bibere
332 2686 368 2749 iu
381 2685 504 2749 somnis
515 2687 627 2750 sitiens
637 2706 737 2767 quom
748 2685 894 2767 quaerit,
912 2695 945 2747 et
956 2685 1103 2747 humor

154 2797 227 2856 Nou
239 2796 351 2877 datur,
364 2795 516 2856 ardorem
531 2791 589 2874 qui
604 2791 760 2855 membris
772 2792 941 2876 stinguere
950 2791 1092 2874 possit?

70 2926 73 2933 ⁴
155 2899 219 2960 Sed
229 2897 364 2962 laticum
374 2897 550 2962 simulacra
559 2899 1010 2983 petit,frustraquelaborat,

154 3006 194 3066 In
208 3004 385 3087 inedioque
393 3004 459 3068 sitit
478 3006 615 3071 torrenti
626 3004 762 3068 flumine
775 3015 906 3087 potans:

154 3108 209 3174 Sic
221 3107 257 3170 in
269 3129 382 3175 amore
394 3111 506 3172 Venus
517 3108 701 3173 simulacris
714 3107 800 3170 ludit
810 3105 994 3186 amanteis3

155 3215 221 3274 Nec
234 3212 352 3276 satiare
367 3222 493 3292 queunt
504 3215 685 3294 spectando
695 3233 834 3294 corpora
848 3230 981 3294 coram,

156 3319 223 3378 Nec
233 3313 385 3381 manibus
395 3315 577 3395 quidquam
589 3317 708 3380 teneris
721 3318 877 3381 abradere
892 3315 1068 3384 membris

95 3486 101 3515 Ι
155 3423 294 3482 Possunt
304 3464 314 3500 ‚
323 3405 468 3480 errantes
482 3420 601 3482 incerti
616 3439 753 3511 corpore
768 3430 847 3483 toto.
961 3468 964 3473 -

195 3522 364 3605 Denique,
377 3542 478 3603 quom
490 3523 648 3617 memhris
661 3525 797 3589 conlatis
811 3526 891 3587 flore
901 3523 1081 3591 fruuntur

19 3686 26 3699 ,
156 3630 292 3711 Aetatis,
307 3629 376 3693 iam
387 3650 488 3711 quom
496 3631 660 3717 praesagit
677 3631 799 3716 gaudie
813 3651 952 3714 corpus,

156 3737 262 3812 Atque
274 3735 310 3798 in
319 3756 359 3800 eo
370 3747 417 3802 cst
426 3740 554 3820 Venus,
564 3748 601 3801 ut
611 3739 787 3803 muliebria
801 3751 952 3807 conserat
966 3756 1083 3816 ωας
