2550 4726
366 329 569 421 nitran
607 346 825 439 maone
1030 361 1070 422 aa

134 502 256 586 lavolt,
270 519 372 584 quam
386 501 493 566 laticis
502 501 677 586 proprium
695 501 845 584 proferre
857 521 1032 581 vocantem

134 611 355 692 loncedamus,
375 619 412 672 ut
423 609 479 672 hio
491 617 653 672 terrarum
670 608 797 673 dimitat
815 611 933 672 orbem
1031 636 1034 640 ·

134 716 309 781 aseneum
327 725 485 797 matrem,
500 717 581 778 dum
593 734 673 778 uera
685 736 722 777 re
739 725 851 779 tamen
869 716 950 798 ipse.

157 827 258 905 Saepe
271 821 397 906 itaque,
411 843 453 887 ex
468 843 539 885 uno
551 823 722 913 tondentes
730 823 882 911 gramina
894 844 1030 909 eampo,

134 924 295 1012 lanigerae
310 929 472 1009 pecudes,
489 937 524 990 et
540 947 701 1007 equorum
714 927 857 991 duellica
868 930 996 1010 proles,
1042 966 1048 973 ·

134 1029 334 1110 muriaeque
343 1050 479 1116 greges,
498 1031 614 1093 eodem
636 1031 854 1118 subtegmine
871 1030 970 1116 coeli,
989 1053 993 1062 ·

134 1134 167 1199 ix
178 1156 312 1218 unoque
323 1136 412 1199 sitim
423 1139 573 1200 sedantes
585 1135 721 1199 flumine
737 1140 854 1220 aquai,

134 1236 274 1303 Dissimili
287 1239 404 1303 vivunt
414 1240 538 1323 speeie,
556 1241 720 1304 retinente
736 1250 906 1322 parentem

134 1345 288 1429 laturam,
304 1357 336 1410 et
348 1367 456 1411 mores
466 1348 650 1434 generatim
663 1366 814 1428 quaeque
827 1347 1015 1412 imitentur:
1065 1380 1068 1384 ·

134 1451 221 1516 lanta
235 1467 299 1536 est,
314 1456 351 1519 in
364 1441 482 1537 quouis
495 1474 618 1542 genere
630 1456 767 1535 herbae,
785 1451 936 1514 materiai

134 1557 289 1624 lissimilis
306 1562 410 1640 ratio;
426 1571 517 1625 tanta
530 1571 579 1625 est
593 1561 630 1624 in
643 1559 780 1622 flumine
796 1578 954 1640 quoque.-

134 1665 203 1731 tine
216 1688 317 1750 porro
333 1669 483 1750 quemvis
496 1668 698 1733 animantem
714 1687 755 1730 ex
773 1665 929 1729 omnibus
943 1687 1011 1730 una

134 1770 211 1855 lma,
224 1794 335 1856 eruor,
349 1796 469 1856 venae,
482 1778 584 1851 calor,
598 1778 734 1855 humor,
743 1772 885 1855 viscera,
902 1773 1010 1856 nervi,
1026 1790 1029 1799 ·

134 1881 340 1962 ionstitnunt3
360 1898 532 1966 quaesunt
546 1906 663 1968 porro,
683 1885 837 1948 distantia
848 1889 967 1972 longe,
1021 1909 1032 1929 ⁷

134 1984 277 2052 >immiti
291 1991 434 2069 perfecta
445 1987 553 2072 figura
568 1988 818 2069 principiorum.
1013 1993 1071 2069 672

156 2093 243 2155 Tum
257 2110 359 2173 porro
369 2111 584 2172 quaeeunque
597 2091 668 2175 igni
679 2093 844 2154 flammata
859 2102 1060 2176 cremantur,
1081 2108 1087 2119 '

134 2191 154 2256 ii
167 2198 212 2259 nil
222 2208 410 2280 praeterea,
425 2208 535 2259 tamen
548 2197 630 2259 haec
645 2195 831 2278 incorpore
843 2199 992 2276 aluntur,
1075 2238 1081 2247 -

134 2299 212 2364 Jnde
224 2302 337 2386 ignem
352 2301 475 2382 iacere,
491 2310 523 2363 et
534 2301 647 2363 lumen
660 2298 878 2382 summittere,
893 2300 1037 2382 possint3

134 2400 344 2487 lointillasque
360 2426 473 2493 agere,
490 2408 605 2470 aelate
619 2402 752 2469 differre
766 2405 925 2469 favillam.

166 2514 274 2575 Cetera
290 2511 454 2574 consimili
471 2511 588 2574 mentis
604 2507 733 2577 ratione
749 2531 945 2599 peragrans,

134 2609 269 2680 invenies
284 2617 387 2702 igitur
399 2616 579 2679 multarum
594 2617 721 2680 semina
737 2637 849 2679 rerum

134 2712 264 2803 Corpore
280 2722 403 2803 celare,
416 2731 449 2784 et
460 2721 568 2794 varias
579 2721 736 2786 cohibere
750 2718 883 2807 figuras.

169 2826 312 2909 Denique
323 2828 428 2890 multa
440 2825 546 2908 vides,
558 2827 678 2906 quibus
685 2835 718 2888 et
730 2827 821 2888 color
833 2835 864 2885 et
874 2842 973 2904 sapor
985 2843 1053 2887 una

134 2919 260 2992 Reddita
275 2942 350 2994 sunt
363 2951 439 2992 cum
454 2931 574 3006 odore3
595 2926 747 3009 inprimis
756 2926 914 3007 pleraque
928 2928 1032 3008 (lona,

134 3024 294 3120 Religione
307 3034 456 3098 animum
473 3033 562 3115 turpi
577 3052 679 3114 quom
698 3040 831 3116 tangere
850 3039 956 3111 pacto.
1050 3063 1055 3077 ι

134 3129 212 3205 Haec
225 3143 327 3230 igitur
341 3140 441 3206 variis
458 3139 578 3202 debent
592 3145 740 3200 constare
752 3133 883 3222 figuris:
973 3172 976 3177 -
1070 3162 1080 3175 ,

134 3233 225 3310 Nitor
237 3250 327 3312 enim
342 3255 509 3331 penetrat,
527 3264 593 3326 qua
602 3262 723 3323 ‘succus
736 3261 805 3305 non
816 3241 843 3304 it
857 3242 894 3304 in
908 3251 1011 3304 artus:

134 3343 242 3420 Sumus
253 3356 333 3418 item
342 3374 508 3431 seorsum,
523 3358 557 3423 et
568 3370 716 3415 seorsum
727 3338 840 3434 sapor,
853 3348 1045 3413 insinuatur·

134 3447 295 3539 Sensibus3
312 3472 348 3523 ut
362 3479 476 3524 noscas
494 3457 610 3540 primis
628 3452 760 3520 differre
771 3454 900 3542 figuris.

134 3547 304 3629 Dissimiles
323 3566 426 3652 igitur
444 3565 571 3626 formae
588 3565 812 3648 glomeramen
830 3561 866 3622 in
884 3581 989 3624 unum

134 3653 351 3734 Conveniunt:
372 3680 404 3732 et
417 3689 469 3731 res
480 3667 642 3750 permixto
658 3667 784 3731 semine
797 3669 956 3729 constant.

163 3773 257 3864 Quin
269 3778 369 3844 etiam
379 3775 501 3864 passm
513 3773 632 3850 nostrie
650 3774 687 3837 in
704 3772 853 3839 versibus
865 3771 945 3857 ipsis
