2550 4726
264 362 302 409 aa
473 346 541 408 DE
569 344 757 408 RERUM
783 344 1004 407 NATURA
1053 364 1086 406 v.
1107 344 1181 407 568.

259 483 393 566 Mollia,
413 505 497 564 quae
510 483 607 564 fiunt,
620 488 695 564 a'e‘r,
709 502 810 564 aqna,
822 491 923 563 terra,
933 501 1089 565 vapores,

261 589 336 672 Quo
345 586 545 683 paetofiant‚
559 598 590 649 et
606 608 669 666 qua
687 586 717 647 vi
738 569 867 667 cunque
884 595 1062 671 gerantur:

260 692 451 755 Admixtum
465 691 623 771 quoniam
634 691 732 754 simul
749 700 795 752 est
808 690 844 753 in
859 693 956 754 rebus
966 689 1076 751 inane.

258 801 301 863 At
322 812 452 879 eontra,
468 799 496 863 si
508 799 621 861 mollia
637 797 702 860 sint
720 797 901 879 primordia
919 817 1045 874 rerum,

259 902 358 965 Unde
369 909 491 984 quea'nt
510 900 610 963 validi
626 902 732 964 silices
747 901 937 981 ferrumque
954 897 1076 980 errari,

260 1014 335 1075 Non
352 1011 472 1094 poterit
484 1009 568 1072 ratio
582 1010 691 1071 reddi:
714 1030 792 1071 nam
807 1009 954 1072 funditus
969 1007 1079 1071 omnis

261 1116 429 1197 Principio
440 1112 646 1178 fundamenti
664 1125 782 1176 natura
799 1113 932 1176 carebit.

261 1221 344 1283 Sunt
358 1216 461 1304 igitur
473 1218 578 1281 solide
594 1217 755 1301 pollentia
768 1216 995 1299 simplieitate5

261 1327 412 1410 Quorum
430 1327 596 1389 condenso
613 1323 717 1411 magis
732 1325 844 1388 omnia
857 1323 1034 1387 conciliatu

261 1427 370 1489 Artari
381 1436 533 1509 possunt,
552 1427 742 1507 validasque
759 1430 929 1490 ostendere
941 1425 1050 1488 vireis.

299 1534 423 1612 Porro,
435 1530 465 1593 si
476 1532 571 1594 nulla
583 1540 629 1593 est
645 1529 838 1614 frangundis
853 1529 979 1590 reddita
995 1525 1073 1590 finis

261 1637 479 1717 Corporibus,
498 1646 607 1696 tamen
625 1656 665 1696 ex
678 1644 811 1696 aeterno
826 1641 972 1713 ternpore
992 1648 1144 1711 quaeque
1221 1696 1224 1702 ,

259 1739 354 1802 Nune
367 1737 466 1799 etiam
479 1757 634 1818 superare
652 1757 781 1799 neeesse
800 1747 848 1798 est
867 1753 1007 1819 corpora
1022 1735 1136 1815 rebus,

261 1844 354 1927 Quae
368 1843 517 1904 nondum
531 1843 661 1905 clueant
678 1844 748 1905 ullo
766 1851 885 1903 tentata
903 1839 1038 1922 periclo.

260 1951 319 2029 At,
340 1949 496 2029 quoniam
507 1948 618 2034 fragili
632 1958 746 2011 natura
764 1946 910 2029 praedita
926 1952 1091 2024 constant,

205 2118 211 2127 ,
260 2050 625 2135 Discrepat,aeternu1n
648 2062 775 2134 tempus
789 2051 934 2133 potuisse
948 2067 1083 2111 manere
1160 2048 1230 2121 683·

260 2154 559 2219 Innumerabilibus
576 2155 680 2243 plagis
699 2166 815 2217 vexata
829 2175 888 2236 per
907 2172 1033 2215 aevom.

300 2258 466 2342 Denique,
481 2261 548 2323 iarn
559 2261 915 2347 quoniam.generatim
932 2262 1060 2324 reddita
1078 2258 1155 2326 finis

262 2361 437 2423 Crescendi
449 2363 547 2424 rebus
561 2373 701 2444 constat,
713 2364 879 2444 vitamque
897 2363 1047 2446 tenendi,

260 2466 301 2526 Et
321 2465 401 2544 quid
416 2486 565 2547 quaeque
578 2477 699 2547 queant
711 2490 772 2551 per
782 2468 914 2532 foedera
928 2473 1075 2551 naturai,
1087 2482 1089 2487 '
1114 2518 1117 2525 .

262 2566 643 2653 Qnidporronequeant,
654 2572 816 2636 sancitum
824 2573 1220 2661 quandoquidemesstat3

259 2673 327 2733 Nec
338 2683 556 2735 commutatur
567 2673 764 2754 quidquam;
782 2675 864 2755 quin
878 2675 989 2736 omnia
1008 2685 1160 2739 constant

261 2783 372 2862 Usque
381 2782 480 2862 adeo,
493 2778 603 2843 variae
613 2782 763 2845 volucres
776 2791 824 2864 ut,
837 2783 873 2845 in
883 2785 996 2847 ordine
1007 2794 1163 2868 cunctae,

261 2888 444 2951 Ostendant
459 2891 605 2954 maculas
615 2891 796 2978 generaleis
812 2912 947 2977 corpore
960 2891 1082 2955 inesse:

259 2991 470 3056 Immntabile
485 2994 641 3058 materiae
658 3015 790 3079 quoque
803 3018 921 3081 eorpus
933 2996 1055 3060 h'abere

261 3099 390 3161 Debent
407 3097 575 3162 nimirum.
593 3103 691 3183 Nam,
704 3101 925 3184 siprimordia
941 3105 1054 3165 rerum

261 3205 466 3285 Commutari
482 3207 594 3285 aliqua
611 3216 742 3287 possent
757 3208 886 3271 ratione
898 3210 1038 3290 revicta,

193 3379 195 3383 ,
261 3313 429 3375 Incertum
440 3329 571 3389 quoque
583 3309 650 3389 ianr
662 3321 802 3392 constet,
820 3312 901 3393 qnid
914 3314 1016 3397 possit
1029 3312 1125 3396 oriri,

261 3417 350 3500 Quid
364 3425 520 3497 nequeat;
531 3415 624 3482 finita
637 3427 778 3501 potestas
790 3418 932 3502 denique
945 3420 1091 3502 quoique

261 3522 413 3604 Quanam
432 3519 473 3585 sit
489 3521 632 3605 ratione,
650 3532 747 3605 atque
761 3526 826 3587 alte
841 3524 998 3590 terminus
1010 3530 1168 3608 hancne

261 3630 329 3690 Nee
346 3630 463 3692 totiens
479 3641 609 3713 possent
625 3632 807 3715 generatim
821 3636 906 3696 secla
920 3634 1042 3713 referre

263 3733 440 3815 Naturam,
456 3747 579 3820 motus,
598 3734 737 3818 victum,
760 3756 932 3821 moresque
941 3749 1143 3821 parentum
