2550 4726
325 353 385 415 nu
403 300 556 416 nununr
576 352 754 418 norunt
773 353 897 419 urunt
916 354 972 425 tv.
1075 378 1133 441 119

227 510 293 564 239.
307 495 374 547 Tum
385 493 517 563 explicatis
532 493 564 547 iis
574 531 582 557 ,
591 508 654 564 quae
663 495 694 547 td
704 496 777 549 visus
789 513 875 549 causas
886 508 1017 564 spectant,
1028 497 1095 551 varia
1104 499 1136 553 de

229 605 266 640 eo
278 590 445 656 problemsta,
462 588 573 656 inprimis
585 605 650 656 quat
661 589 692 640 ad
703 589 798 657 speculi
815 589 934 660 imagines
945 591 1046 645 etlueis
1059 604 1136 661 utque

226 681 336 733 umbrae
349 679 470 733 rationem
484 679 626 747 pertinent,
642 680 762 748 proponit
784 694 811 735 et
833 681 932 743 solvit,
949 702 977 736 v.
993 698 1041 745 240
1052 712 1064 725 -
1075 699 1134 751 379.

228 769 313 821 Porro
325 787 412 825 sensus
423 787 474 820 non
483 786 540 823 esse
549 768 662 823 incertos
674 782 770 833 monet,
784 788 892 839 quotum
912 769 988 823 fidem
1002 773 1081 823 multa
1094 785 1135 826 tc·

229 841 306 910 rnere¹
315 858 494 912 existimentur
507 859 667 918 labefactare3
682 861 726 912 sed
741 876 773 913 ex
788 859 894 928 opinatu
911 859 1049 913 animorum
1061 858 1131 914 nasci

229 946 297 999 falsa
308 948 408 1000 illorum
418 946 524 1021 iudicia,
536 966 566 998 ν.
576 951 642 1015 380·
649 948 708 1017 469.
721 950 761 1001 Ne
770 950 826 1018 quis
838 949 916 1019 igitur
926 967 959 1003 ex
969 950 1022 1002 illis
1034 950 1134 1017 proble-

226 1041 307 1093 rnatis
318 1039 431 1093 fallaciae
438 1042 528 1110 ar'guat
538 1055 643 1102 sensus,
664 1040 755 1093 horum
765 1041 912 1110 dignitatem
921 1042 1085 1102 demonstrat,
1095 1058 1134 1094 re-

229 1127 325 1181 futetis
335 1128 409 1180 etiam
417 1126 588 1189 Academicis,
605 1111 634 1176 ν.
644 1143 696 1192 470
704 1153 716 1168 ·
729 1130 788 1195 478.
806 1144 954 1196 omnemque
969 1128 1072 1182 omnino
1084 1145 1132 1183 ve·

230 1219 336 1272 ritatem
352 1218 401 1271 fide
417 1233 444 1272 et
457 1218 609 1273 auctoritate
622 1234 741 1270 sensuum
757 1202 824 1280 niti,
842 1206 973 1287 copiosius
988 1218 1092 1282 asserit,
1105 1237 1134 1270 v.

232 1323 286 1374 479
297 1332 309 1347 ·
319 1323 377 1376 523.
400 1308 447 1360 His
461 1308 497 1361 ita
508 1309 540 1361 de
550 1308 614 1359 uisu
632 1305 783 1393 disputptis,
799 1309 830 1361 ad
847 1323 946 1363 ceteros
962 1327 1052 1364 sensus
1071 1328 1133 1379 pro·

232 1399 356 1467 greditur.
382 1396 467 1453 Vocem
473 1412 505 1481 et
517 1417 601 1450 sonunt
613 1416 746 1477 corporeas
760 1416 818 1454 esse
833 1400 967 1473 imtgines,
977 1420 1041 1470 quat
1050 1421 1134 1457 aurem

230 1488 329 1556 pariter
345 1489 477 1544 feriant-et
494 1492 607 1543 auditum
625 1489 750 1555 efficiant,
768 1511 797 1546 v.
819 1508 866 1556 524
877 1519 889 1534 ·
902 1508 961 1558 744.
982 1492 1056 1545 vocis
1070 1511 1135 1563 quae

232 1581 274 1633 sit
283 1594 384 1645 natura,
394 1596 422 1636 et
430 1599 483 1651 quo
503 1585 581 1655 modo
597 1583 737 1649 formetur,
749 1602 776 1636 v.
789 1583 915 1650 747-767.
930 1602 975 1638 eur
984 1585 1069 1639 eadem
1080 1602 1134 1637 vor

232 1672 311 1725 simul
323 1673 476 1743 percipiatur
487 1692 502 1727 a
514 1674 601 1727 multis
610 1712 618 1737 ,
628 1693 656 1726 v.
668 1674 734 1739 766·
745 1690 802 1740 574.
824 1674 885 1745 quid
895 1674 931 1729 sit
943 1674 1022 1737 echo,
1033 1689 1061 1728 et
1070 1676 1136 1729 unde

227 1762 343 1825 oriatur,
354 1782 383 1816 v.
393 1780 439 1830 575
447 1791 461 1804 ·
470 1779 525 1833 597.
550 1780 601 1832 quo
617 1764 692 1815 modo
701 1778 781 1815 sonus
792 1778 839 1831 per
851 1764 1047 1831 corpore-multa
1056 1781 1136 1833 pene·

227 1868 300 1918 tret,
311 1875 339 1910 v.
351 1858 398 1924 598
406 1885 416 1898 ·
424 1857 482 1922 605.
498 1870 524 1910 ct
534 1856 561 1910 in
572 1872 660 1909 omnes
672 1868 756 1923 purtet
768 1854 937 1918 diffundatur,
951 1874 980 1909 v.
990 1855 1040 1905 606
1052 1883 1065 1895 ·
1073 1853 1133 1920 617.

231 1948 279 1998 De
288 1965 369 2014 sapore
378 1949 468 2010 docet,
483 1949 544 2016 quid
560 1948 608 2008 sit,
624 1961 651 1999 et
661 1947 729 1998 unde
738 1958 807 1998 trnta
818 1947 873 1999 eius
884 1947 1033 2008 diversitas,
1045 1963 1074 1998 v.
1086 1945 1136 2000 6ιὸ

238 2066 254 2080 ·
264 2038 323 2102 675.
345 2039 375 2090 de
391 2042 473 2096 odore,
489 2054 540 2105 quo
550 2037 625 2088 modo
642 2036 767 2101 exsistat,
781 2049 807 2088 et
820 2055 865 2091 cur
876 2038 931 2093 aliis
940 2039 1004 2090 alius
1015 2038 1092 2108 magis
1102 2039 1136 2091 sit

235 2144 313 2197 aptus
320 2124 365 2193 ,'v.
379 2124 509 2196 ⁶76·⁶89·
522 2141 650 2196 comparat
665 2129 770 2181 eundem
783 2145 839 2183 cum
852 2128 944 2182 ceteris
960 2131 1089 2192 sensibus,
1105 2148 1134 2186 v.

238 2221 291 2284 690
299 2248 311 2260 -
321 2223 379 2286 708.
391 2218 505 2288 inprimis
516 2237 572 2270 cum
582 2218 656 2280 visu,
667 2234 741 2286 quem
751 2196 848 2285 species
856 2232 932 2287 atque
941 2221 1040 2270 colotes
1053 2234 1136 2273 rerum

200 2301 207 2308 ¹
239 2310 415 2363 eodemmodo
432 2307 552 2372 afficiant,
566 2326 593 2359 v.
606 2324 744 2374 709·724.
757 2302 822 2361 Turn
838 2310 869 2362 de
887 2313 1139 2379 imaginationentquc
1243 2304 1247 2311 ⁵

239 2402 383 2469 cogitatione
392 2398 445 2470 agit
455 2417 463 2450 r
474 2416 538 2469 quae
547 2399 673 2452 exsistant
681 2415 727 2466 per
737 2416 828 2451 sensus
842 2412 975 2460 externos,
985 2397 1138 2450 tenuissimis
1205 2390 1211 2403 '‘

237 2506 323 2542 rerum
333 2488 473 2542 simulacris
485 2489 577 2542 horum
586 2504 635 2556 ope
648 2486 675 2539 in
686 2500 797 2541 mentem
812 2487 1012 2550 incurrentibus,
1024 2506 1054 2539 v.
1064 2502 1111 2552 7²5
1122 2514 1136 2529 ·

238 2596 299 2646 779.
316 2580 378 2631 inde
388 2578 534 2648 explicanda
552 2577 707 2633 somniorum
724 2579 804 2640 ratio,
815 2564 843 2631 a.
854 2576 903 2643 760
914 2605 925 2619 -
936 2593 1003 2643 779..
1015 2576 1072 2629 inde
1081 2577 1136 2629 sol·

239 2673 322 2724 venda
333 2671 461 2741 quaestio,
471 2689 564 2743 quare,
573 2673 642 2742 quod
652 2673 745 2742 cuique
753 2673 874 2733 libuerit,
888 2672 913 2723 id
923 2672 1036 2741 cogitet,
1050 2689 1077 2721 v.
1086 2671 1137 2736 780

242 2789 256 2805 ·
265 2764 324 2830 809.
337 2763 403 2815 -inde
419 2763 489 2818 fraus
505 2765 679 2835 intelligenda,
694 2765 822 2834 inquam,
838 2766 977 2818 simulacris
990 2779 1036 2817 aut
1048 2781 1137 2834 parum

239 2867 318 2906 acute
327 2854 451 2924 cognitis,
462 2869 507 2907 aut
516 2856 581 2908 inter
592 2873 620 2908 se
631 2856 792 2922 permutatis,
802 2872 878 2922 saepe
884 2836 1039 2917 inducimur,
1050 2874 1078 2909 v.
1086 2856 1136 2908 8ιο

237 2949 316 3011 ⁴⁸24·
326 2948 392 2998 Tum
403 2948 485 3010 docet,
496 2949 618 3017 linguam,
628 2949 734 3007 oculos,
744 2928 832 3008 aures,
844 2961 930 3006 nares,
939 2945 1023 2997 omnia
1030 2946 1138 3014 denique

194 3028 201 3043 “
240 3055 361 3091 sensuum
373 3039 540 3090 instrumenta
548 3036 620 3105 prius
628 3049 687 3087 narr
700 3052 768 3096 esse,
780 3052 853 3102 quarn
864 3053 951 3088 eorum
961 3054 1051 3088 usum:
1062 3054 1139 3090 secus

241 3129 344 3181 veroin
357 3127 498 3180 artificiosis
514 3128 590 3178 rebus
600 3163 607 3188 ,
618 3142 681 3193 quae
691 3125 812 3192 prodeant
821 3142 855 3178 ex
864 3125 981 3195 praevisa
991 3127 1141 3196 indigentia,

239 3235 270 3269 v.
281 3221 313 3271 82
317 3235 328 3282 5
336 3246 349 3260 ·
356 3222 414 3286 878.
434 3218 513 3270 Etiam
528 3230 612 3269 motus
630 3217 771 3270 animrlium
782 3218 923 3271 voluntarii
937 3234 1033 3271 causam
1043 3234 1101 3271 esse
1111 3218 1139 3270 in

240 3310 384 3363 simulacris
395 3311 542 3379 quibusdam
554 3310 584 3361 ad
593 3309 723 3362 meandum
734 3310 814 3378 aptis,
823 3329 887 3379 quae
901 3311 1013 3379 impulsu
1027 3328 1075 3365 suo
1089 3329 1140 3363 vo·

240 3401 366 3451 luntatem
380 3400 499 3451 movendi
514 3399 540 3450 in
553 3399 637 3451 animo
648 3399 777 3462 excitent,
786 3419 812 3451 v.
819 3403 871 3470 ,879
880 3405 957 3465 -908,
967 3403 989 3455 A
1000 3400 1139 3455 simulacris

242 3489 353 3558 denique
363 3491 465 3543 uberius
481 3490 612 3559 repetitor
625 3507 754 3552 somnum,
767 3509 795 3542 v.
807 3506 872 3559 909-
881 3488 940 3558 964.
960 3504 986 3542 et
999 3491 1147 3556 insomnias

243 3595 352 3646 quorum
365 3579 446 3631 varias
459 3596 548 3632 causas
562 3592 708 3645 enumerat,
723 3599 751 3630 v.
762 3579 809 3647 965
823 3605 835 3621 ·
844 3584 917 3646 1035'.
930 3578 1026 3632 adiecta
1032 3580 1063 3634 de
1071 3599 1139 3635 amo·

241 3684 289 3728 re,
307 3669 410 3735 libidine
432 3671 539 3740 eiusque
558 3654 691 3724 effecti'rus
718 3670 901 3742 elegantissima
920 3670 1090 3741 digressione,
1108 3693 1136 3726 ν.

240 3759 307 3829 1036
320 3764 409 3830 ·1283·
