2550 4726
73 433 75 438 Α
172 360 229 427 ¹94
376 343 1091 427 nnannunnrrunlv.97a1

168 485 318 570 Aparuis
331 487 422 566 quod
436 482 526 549 enim
541 470 736 548 con‘suerant
747 496 881 550 cernere
893 502 1036 568 semper,
1073 546 1076 553 ,

167 595 304 659 Alterno
317 593 478 673 tenebras,
499 599 531 655 et
546 592 671 672 lucem,
690 600 837 672 tempore
850 588 964 676 gigni,
1029 624 1037 645 κ

166 704 242 764 Non
259 709 344 782 erat,
360 710 397 762 ut
413 696 487 763 lieri
501 709 621 783 posset,
640 697 791 762 mirarier
802 715 969 779 unquam,
1011 735 1014 741 -

167 807 235 868 Nec
252 800 419 885 diffidere,
429 822 473 866 ne
485 799 586 867 terras
603 811 736 867 aeterna
749 810 875 865 teneret

166 912 254 993 Nox,
273 908 309 973 in
324 916 521 991 perpetuum
538 908 684 971 detracto
702 904 830 970 lumine
845 905 936 970 solis.

165 1015 230 1076 Sed
240 1009 437 1099 magisillud
447 994 644 1097 creterrae,
657 1014 749 1096 quod
760 1013 848 1079 secla
860 1011 1006 1079 ferarum

165 1113 321 1176 infestam
337 1111 465 1178 miseris
476 1114 641 1179 iaciebant
655 1134 754 1198 saepe
768 1114 932 1197 quietem
1098 1128 1102 1137 '

165 1217 334 1298 Eieeu'que
351 1218 468 1307 darno,
481 1216 651 1305 fugiebant
666 1235 764 1285 saxea
779 1225 864 1281 tecta

164 1323 353 1411 spumigeri
363 1323 432 1389 suis
442 1327 603 1405 adventu,
617 1322 787 1405 validique
799 1322 923 1402 leonis;

164 1430 272 1510 Atque
285 1428 481 1511 intempesta
495 1429 656 1493 cedebant
672 1435 769 1491 nocte
781 1432 958 1513 paventer,

164 1532 359 1616 Hospitibua
369 1530 473 1596 saevis
490 1528 627 1595 instrata
640 1527 763 1593 cubilia
778 1529 909 1592 fronde.

204 1640 234 1699 N
235 1659 272 1701 ec
284 1635 389 1701 nimio
399 1645 471 1699 tum
482 1636 575 1718 plus,
589 1652 691 1717 quam
701 1655 808 1716 nunc,
824 1631 983 1699 mortalia
994 1631 1075 1705 tecla

163 1740 282 1804 Dulcia
294 1740 489 1820 linquebant
500 1740 654 1807 lamentis
668 1739 797 1804 lumina
807 1740 907 1806 vitae.

163 1844 257 1905 Unus
267 1840 357 1904 enim
367 1850 438 1904 tum
450 1841 589 1925 quisque
601 1842 707 1932 magis
719 1845 901 1927 deprensus
909 1843 1029 1908 eorum

162 1947 289 2010 Pabula
299 1944 375 2008 viva
384 1944 463 2011 feris
474 1948 668 2030 praebebat,
679 1947 834 2011 dentibus
846 1949 1000 2026 haustus3
1060 1946 1109 2030 989

163 2055 210 2119 Et.
215 2070 352 2117 nemora
360 2070 399 2116 ac
411 2050 554 2115 monteis
566 2050 692 2139 gemitu
702 2051 868 2133 silvasque
882 2052 1050 2147 replebat,
1064 2102 1066 2106 .

163 2157 249 2228 Viva
261 2156 376 2222 videus
392 2155 470 2220 vivo
485 2154 619 2239 sepeliri
630 2155 756 2221 riseera
764 2157 873 2235 busto.

161 2267 316 2345 At,·quos
328 2258 490 2350 effugium
502 2272 666 2345 servarat,
681 2281 821 2345 corpore
831 2264 951 2346 adeso,
990 2248 1001 2279 ¹

162 2371 340 2452 Posterius,
352 2371 508 2434 tremulas
519 2388 618 2453 super
630 2371 743 2433 ulcera
755 2379 859 2432 taetra
872 2381 1022 2463 tenentes

162 2479 306 2560 Palmae,
315 2477 488 2543 horriferis
502 2477 653 2549 accibant
666 2476 803 2542 vocibus
816 2479 961 2547 Orcum:
1090 2538 1093 2545 .

162 2581 314 2663 Denique
332 2601 386 2645 eos
398 2581 465 2644 vita
477 2579 651 2664 privarunt
660 2582 811 2647 vermina
824 2606 943 2670 saeva,

161 2683 329 2769 Experteis
341 2683 428 2767 opis,
440 2684 574 2770 ignaros
584 2687 666 2766 quid
678 2688 817 2751 volnera
828 2691 965 2756 vellent.

201 2793 242 2854 At
252 2809 322 2854 non
336 2791 441 2853 multa
454 2787 565 2854 virtum
577 2794 639 2855 sub
655 2789 758 2878 signis
773 2792 881 2857 millia
895 2797 998 2860 ducta

128 2945 131 2949 .
161 2896 235 2958 Una
248 2895 316 2958 dies
330 2895 430 2957 dabat
444 2892 563 2957 exitio:
578 2917 640 2959 nec
650 2894 782 2960 tdrbida
795 2900 890 2982 ponti

159 3003 312 3079 Aequora
326 2998 501 3061 laedebant
514 2998 628 3064 naveis
639 2983 681 3063 ad
694 3021 788 3086 saxa,
803 3002 978 3085 virosque:
1001 2998 1005 3005 ’

158 3104 241 3184 Nee,
254 3112 376 3164 temere
384 3100 519 3164 incursu
530 3104 663 3181 fluctus,
673 3125 766 3168 mare
776 3125 872 3189 saepe
884 3118 1035 3171 coortum

156 3203 521 3285 Saevibat„leviterque
533 3204 639 3268 minas
651 3209 796 3288 penebat
807 3209 954 3289 inaneis;

157 3310 225 3370 Nec
235 3315 364 3390 poterat
376 3326 576 3387 quemquam
593 3308 717 3389 placidi
729 3313 872 3394 pellacia
883 3315 982 3397 ponti

156 3418 303 3480 Subdola
317 3415 474 3498 pellicere
486 3415 522 3478 in
535 3416 686 3481 fraudem
698 3418 884 3486 ridentibus
897 3423 1013 3491 undis:

153 3518 309 3604 Improba
320 3520 447 3608 navigii
458 3523 543 3586 ratio
555 3533 625 3587 tum
640 3546 736 3591 caeca
750 3526 889 3592 iacebat.

153 3622 240 3683 Tum
248 3627 388 3707 penuria
401 3627 521 3693 deinde
533 3630 599 3694 eibi
611 3632 804 3718 languentia
814 3634 881 3696 leto

153 3727 303 3821 Membra
316 3733 428 3801 dabat:
446 3743 561 3801 corba
570 3757 661 3801 nunc
673 3756 787 3807 rerum
799 3736 895 3822 copia
908 3747 1036 3807 mersat·

1092 3834 1108 3869 9
