<?xml version="1.0" encoding="UTF-8"?>
<!DOCTYPE html PUBLIC "-//W3C//DTD XHTML 1.0 Transitional//EN"
    "http://www.w3.org/TR/xhtml1/DTD/xhtml1-transitional.dtd">
<html xmlns="http://www.w3.org/1999/xhtml" xml:lang="en" lang="en">
 <head>
  <title>
</title>
<meta http-equiv="Content-Type" content="text/html;charset=utf-8" />
  <meta name='ocr-system' content='tesseract 3.04.00' />
  <meta name='ocr-capabilities' content='ocr_page ocr_carea ocr_par ocr_line ocrx_word'/>
</head>
<body>
  <div class='ocr_page' id='page_1' title='image "./dererumnaturali00carugoog_0270.png"; bbox 0 0 2572 4732; ppageno 0'>
   <div class='ocr_carea' id='block_1_1' title="bbox 187 341 1102 443">
    <p class='ocr_par' dir='ltr' id='par_1_1' title="bbox 187 341 1102 443">
     <span class='ocr_line' id='line_1_1' title="bbox 187 341 1102 443; baseline -0.005 -35"><span class='ocrx_word' id='word_1_1' title='bbox 187 348 245 434; x_wconf 73' lang='lat' dir='ltr'><strong>atil</strong></span> <span class='ocrx_word' id='word_1_2' title='bbox 394 344 463 407; x_wconf 81' lang='lat' dir='ltr'><strong>DE</strong></span> <span class='ocrx_word' id='word_1_3' title='bbox 491 342 677 407; x_wconf 83' lang='lat' dir='ltr'>RERUM</span> <span class='ocrx_word' id='word_1_4' title='bbox 695 341 926 405; x_wconf 72' lang='lat' dir='ltr'>NATURA</span> <span class='ocrx_word' id='word_1_5' title='bbox 974 358 1008 403; x_wconf 72' lang='lat' dir='ltr'><strong>,v-</strong></span> <span class='ocrx_word' id='word_1_6' title='bbox 1032 342 1102 443; x_wconf 67' lang='grc' dir='ltr'><strong>ι67.Ι</strong></span> 
     </span>
    </p>
   </div>
   <div class='ocr_carea' id='block_1_2' title="bbox 87 479 1170 3830">
    <p class='ocr_par' dir='ltr' id='par_1_2' title="bbox 87 479 1170 3830">
     <span class='ocr_line' id='line_1_2' title="bbox 183 479 1057 573; baseline -0.008 -23"><span class='ocrx_word' id='word_1_7' title='bbox 183 488 223 550; x_wconf 94' lang='lat' dir='ltr'><strong>ld</strong></span> <span class='ocrx_word' id='word_1_8' title='bbox 234 485 402 553; x_wconf 81' lang='lat' dir='ltr'><strong>licet&#39;hinc</strong></span> <span class='ocrx_word' id='word_1_9' title='bbox 412 487 511 550; x_wconf 88' lang='lat' dir='ltr'><strong>etiarn</strong></span> <span class='ocrx_word' id='word_1_10' title='bbox 524 503 734 573; x_wconf 77' lang='lat' dir='ltr'><strong>cognoscere:</strong></span> <span class='ocrx_word' id='word_1_11' title='bbox 756 485 892 547; x_wconf 83' lang='lat' dir='ltr'>caedere</span> <span class='ocrx_word' id='word_1_12' title='bbox 905 479 933 545; x_wconf 89' lang='lat' dir='ltr'><strong>si</strong></span> <span class='ocrx_word' id='word_1_13' title='bbox 946 498 1057 562; x_wconf 77' lang='lat' dir='ltr'><strong>quern·</strong></span> 
     </span>
     <span class='ocr_line' id='line_1_3' title="bbox 183 587 991 675; baseline -0.01 -20"><span class='ocrx_word' id='word_1_14' title='bbox 183 591 329 675; x_wconf 85' lang='lat' dir='ltr'><strong>Ancipiti</strong></span> <span class='ocrx_word' id='word_1_15' title='bbox 342 591 454 656; x_wconf 80' lang='lat' dir='ltr'><strong>rideas</strong></span> <span class='ocrx_word' id='word_1_16' title='bbox 464 592 552 655; x_wconf 80' lang='lat' dir='ltr'><strong>terro</strong></span> <span class='ocrx_word' id='word_1_17' title='bbox 564 590 681 673; x_wconf 90' lang='lat' dir='ltr'><strong>procul</strong></span> <span class='ocrx_word' id='word_1_18' title='bbox 698 587 824 652; x_wconf 87' lang='lat' dir='ltr'><strong>arboris</strong></span> <span class='ocrx_word' id='word_1_19' title='bbox 839 595 991 666; x_wconf 78' lang='lat' dir='ltr'><strong>auctum,</strong></span> 
     </span>
     <span class='ocr_line' id='line_1_4' title="bbox 87 686 1017 776; baseline -0.012 -16"><span class='ocrx_word' id='word_1_20' title='bbox 87 746 90 751; x_wconf 55' lang='grc'><strong><em>»</em></strong></span> <span class='ocrx_word' id='word_1_21' title='bbox 183 686 317 759; x_wconf 65' lang='lat' dir='ltr'><strong>Ante&#39;fit</strong></span> <span class='ocrx_word' id='word_1_22' title='bbox 327 704 362 758; x_wconf 87' lang='lat' dir='ltr'><strong>ut</strong></span> <span class='ocrx_word' id='word_1_23' title='bbox 372 708 484 758; x_wconf 86' lang='lat' dir='ltr'><strong>cernas</strong></span> <span class='ocrx_word' id='word_1_24' title='bbox 496 694 615 774; x_wconf 89' lang='lat' dir='ltr'><strong>ictum,</strong></span> <span class='ocrx_word' id='word_1_25' title='bbox 628 710 727 772; x_wconf 84' lang='lat' dir='ltr'><strong>quam</strong></span> <span class='ocrx_word' id='word_1_26' title='bbox 740 691 839 776; x_wconf 79' lang='lat' dir='ltr'><strong>plaga</strong></span> <span class='ocrx_word' id='word_1_27' title='bbox 850 702 1017 772; x_wconf 83' lang='lat' dir='ltr'><strong>perauras</strong></span> 
     </span>
     <span class='ocr_line' id='line_1_5' title="bbox 184 793 1079 886; baseline -0.009 -23"><span class='ocrx_word' id='word_1_28' title='bbox 184 802 248 863; x_wconf 85' lang='lat' dir='ltr'><strong>Det</strong></span> <span class='ocrx_word' id='word_1_29' title='bbox 258 799 399 863; x_wconf 85' lang='lat' dir='ltr'><strong>sonitum</strong></span> <span class='ocrx_word' id='word_1_30' title='bbox 411 822 419 861; x_wconf 76' lang='lat' dir='ltr'><strong>e</strong></span> <span class='ocrx_word' id='word_1_31' title='bbox 432 798 479 863; x_wconf 91' lang='lat' dir='ltr'><strong>sic</strong></span> <span class='ocrx_word' id='word_1_32' title='bbox 493 799 657 886; x_wconf 77' lang='lat' dir='ltr'><strong>fulgorem</strong></span> <span class='ocrx_word' id='word_1_33' title='bbox 666 809 799 878; x_wconf 85' lang='lat' dir='ltr'><strong>quoque</strong></span> <span class='ocrx_word' id='word_1_34' title='bbox 810 793 974 857; x_wconf 88' lang='lat' dir='ltr'><strong>ceruimus</strong></span> <span class='ocrx_word' id='word_1_35' title='bbox 983 802 1079 873; x_wconf 86' lang='lat' dir='ltr'><strong>ante,</strong></span> 
     </span>
     <span class='ocr_line' id='line_1_6' title="bbox 186 886 1114 990; baseline -0.009 -22"><span class='ocrx_word' id='word_1_36' title='bbox 186 909 296 990; x_wconf 78' lang='lat' dir='ltr'><strong>Quam</strong></span> <span class='ocrx_word' id='word_1_37' title='bbox 313 905 471 969; x_wconf 80' lang='lat' dir='ltr'><strong>tonitrum</strong></span> <span class='ocrx_word' id='word_1_38' title='bbox 485 886 682 987; x_wconf 67' lang='lat' dir='ltr'><strong>accipimus,</strong></span> <span class='ocrx_word' id='word_1_39' title='bbox 695 898 890 985; x_wconf 80' lang='lat' dir='ltr'><strong>pariterqui</strong></span> <span class='ocrx_word' id='word_1_40' title='bbox 898 896 1041 961; x_wconf 89' lang='lat' dir='ltr'><strong>mittitur</strong></span> <span class='ocrx_word' id='word_1_41' title='bbox 1048 894 1114 984; x_wconf 75' lang='lat' dir='ltr'><strong>igni</strong></span> 
     </span>
     <span class='ocr_line' id='line_1_7' title="bbox 184 1000 886 1088; baseline -0.009 -17"><span class='ocrx_word' id='word_1_42' title='bbox 184 1011 225 1071; x_wconf 89' lang='lat' dir='ltr'><strong>Et</strong></span> <span class='ocrx_word' id='word_1_43' title='bbox 239 1005 339 1072; x_wconf 84' lang='lat' dir='ltr'>simili</span> <span class='ocrx_word' id='word_1_44' title='bbox 351 1027 447 1071; x_wconf 85' lang='lat' dir='ltr'><strong>causa</strong></span> <span class='ocrx_word' id='word_1_45' title='bbox 454 1000 471 1088; x_wconf 53' lang='lat'><strong>,‘</strong></span> <span class='ocrx_word' id='word_1_46' title='bbox 477 1027 637 1071; x_wconf 87' lang='lat' dir='ltr'><strong>concursu</strong></span> <span class='ocrx_word' id='word_1_47' title='bbox 651 1014 746 1068; x_wconf 88' lang='lat' dir='ltr'><strong>natus</strong></span> <span class='ocrx_word' id='word_1_48' title='bbox 759 1007 886 1067; x_wconf 88' lang='lat' dir='ltr'><strong>eodem.</strong></span> 
     </span>
     <span class='ocr_line' id='line_1_8' title="bbox 225 1106 1038 1193; baseline -0.006 -20"><span class='ocrx_word' id='word_1_49' title='bbox 225 1114 299 1173; x_wconf 87' lang='lat' dir='ltr'><strong>Hoc</strong></span> <span class='ocrx_word' id='word_1_50' title='bbox 312 1109 411 1173; x_wconf 88' lang='lat' dir='ltr'><strong>etiam</strong></span> <span class='ocrx_word' id='word_1_51' title='bbox 423 1120 520 1193; x_wconf 89' lang='lat' dir='ltr'><strong>pacto</strong></span> <span class='ocrx_word' id='word_1_52' title='bbox 536 1108 664 1174; x_wconf 82' lang='lat' dir='ltr'><strong>volucri</strong></span> <span class='ocrx_word' id='word_1_53' title='bbox 676 1110 750 1171; x_wconf 84' lang='lat' dir='ltr'><strong>loca</strong></span> <span class='ocrx_word' id='word_1_54' title='bbox 762 1106 888 1170; x_wconf 89' lang='lat' dir='ltr'><strong>lumine</strong></span> <span class='ocrx_word' id='word_1_55' title='bbox 904 1106 1038 1193; x_wconf 75' lang='lat' dir='ltr'><strong>tingunt</strong></span> 
     </span>
     <span class='ocr_line' id='line_1_9' title="bbox 148 1214 955 1301; baseline -0.002 -23"><span class='ocrx_word' id='word_1_56' title='bbox 148 1272 151 1278; x_wconf 84' lang='lat'><strong>.</strong></span> <span class='ocrx_word' id='word_1_57' title='bbox 186 1220 311 1300; x_wconf 83' lang='lat' dir='ltr'>Nubes,</span> <span class='ocrx_word' id='word_1_58' title='bbox 323 1229 355 1283; x_wconf 88' lang='lat' dir='ltr'><strong>et</strong></span> <span class='ocrx_word' id='word_1_59' title='bbox 365 1219 508 1281; x_wconf 87' lang='lat' dir='ltr'><strong>tremulo</strong></span> <span class='ocrx_word' id='word_1_60' title='bbox 520 1224 691 1300; x_wconf 74' lang='lat' dir='ltr'><strong>tempestas</strong></span> <span class='ocrx_word' id='word_1_61' title='bbox 703 1214 825 1297; x_wconf 89' lang='lat' dir='ltr'><strong>impete</strong></span> <span class='ocrx_word' id='word_1_62' title='bbox 839 1214 955 1301; x_wconf 79' lang='lat' dir='ltr'><strong>fulgit:</strong></span> 
     </span>
     <span class='ocr_line' id='line_1_10' title="bbox 187 1319 1170 1405; baseline -0.01 -15"><span class='ocrx_word' id='word_1_63' title='bbox 187 1326 313 1390; x_wconf 85' lang='lat' dir='ltr'><strong>Ventus</strong></span> <span class='ocrx_word' id='word_1_64' title='bbox 327 1322 387 1386; x_wconf 89' lang='lat' dir='ltr'><strong>ubi</strong></span> <span class='ocrx_word' id='word_1_65' title='bbox 399 1322 519 1388; x_wconf 82' lang='lat' dir='ltr'><strong>invasit</strong></span> <span class='ocrx_word' id='word_1_66' title='bbox 530 1326 715 1405; x_wconf 89' lang='lat' dir='ltr'><strong>nubem,et</strong></span> <span class='ocrx_word' id='word_1_67' title='bbox 723 1330 870 1385; x_wconf 85' lang='lat' dir='ltr'><strong>vorsatus</strong></span> <span class='ocrx_word' id='word_1_68' title='bbox 878 1319 1005 1384; x_wconf 86' lang='lat' dir='ltr'><strong>ibidem</strong></span> <span class='ocrx_word' id='word_1_69' title='bbox 1167 1392 1170 1402; x_wconf 94' lang='lat'>.</span> 
     </span>
     <span class='ocr_line' id='line_1_11' title="bbox 158 1424 1129 1526; baseline -0.003 -35"><span class='ocrx_word' id='word_1_70' title='bbox 158 1472 164 1484; x_wconf 82' lang='lat'><strong>·</strong></span> <span class='ocrx_word' id='word_1_71' title='bbox 187 1427 339 1509; x_wconf 88' lang='lat' dir='ltr'><strong>Fecit‚ut</strong></span> <span class='ocrx_word' id='word_1_72' title='bbox 349 1438 438 1509; x_wconf 88' lang='lat' dir='ltr'><strong>ante,</strong></span> <span class='ocrx_word' id='word_1_73' title='bbox 454 1447 584 1510; x_wconf 82' lang='lat' dir='ltr'><strong>cavam,</strong></span> <span class='ocrx_word' id='word_1_74' title='bbox 597 1425 711 1507; x_wconf 90' lang='lat' dir='ltr'><strong>docui,</strong></span> <span class='ocrx_word' id='word_1_75' title='bbox 728 1424 917 1508; x_wconf 74' lang='lat' dir='ltr'><strong>spissescere</strong></span> <span class='ocrx_word' id='word_1_76' title='bbox 924 1427 1070 1526; x_wconf 77' lang='lat' dir='ltr'><strong>pubem3</strong></span> <span class='ocrx_word' id='word_1_77' title='bbox 1122 1440 1129 1471; x_wconf 85' lang='grc'><strong>’-</strong></span> 
     </span>
     <span class='ocr_line' id='line_1_12' title="bbox 127 1529 908 1614; baseline -0.01 -16"><span class='ocrx_word' id='word_1_78' title='bbox 127 1536 132 1547; x_wconf 87' lang='grc'><strong>“</strong></span> <span class='ocrx_word' id='word_1_79' title='bbox 188 1532 373 1597; x_wconf 86' lang='lat' dir='ltr'><strong>Mobilitate</strong></span> <span class='ocrx_word' id='word_1_80' title='bbox 386 1552 444 1597; x_wconf 90' lang='lat' dir='ltr'><strong>sua</strong></span> <span class='ocrx_word' id='word_1_81' title='bbox 461 1532 626 1614; x_wconf 83' lang='lat' dir='ltr'><strong>fervescit,</strong></span> <span class='ocrx_word' id='word_1_82' title='bbox 639 1541 676 1593; x_wconf 91' lang='lat' dir='ltr'><strong>ut</strong></span> <span class='ocrx_word' id='word_1_83' title='bbox 689 1529 802 1593; x_wconf 90' lang='lat' dir='ltr'><strong>omnia</strong></span> <span class='ocrx_word' id='word_1_84' title='bbox 815 1538 908 1591; x_wconf 90' lang='lat' dir='ltr'><strong>motu</strong></span> 
     </span>
     <span class='ocr_line' id='line_1_13' title="bbox 190 1641 980 1722; baseline -0.003 -19"><span class='ocrx_word' id='word_1_85' title='bbox 190 1641 407 1703; x_wconf 81' lang='lat' dir='ltr'><strong>Peroaleiacta</strong></span> <span class='ocrx_word' id='word_1_86' title='bbox 421 1642 512 1704; x_wconf 83' lang='lat' dir='ltr'><strong>vides</strong></span> <span class='ocrx_word' id='word_1_87' title='bbox 529 1643 715 1705; x_wconf 84' lang='lat' dir='ltr'><strong>ardescere:</strong></span> <span class='ocrx_word' id='word_1_88' title='bbox 732 1641 889 1722; x_wconf 90' lang='lat' dir='ltr'><strong>plumbea</strong></span> <span class='ocrx_word' id='word_1_89' title='bbox 899 1658 980 1701; x_wconf 85' lang='lat' dir='ltr'><strong>vero</strong></span> 
     </span>
     <span class='ocr_line' id='line_1_14' title="bbox 191 1745 986 1833; baseline -0.004 -24"><span class='ocrx_word' id='word_1_90' title='bbox 191 1748 293 1810; x_wconf 85' lang='lat' dir='ltr'><strong>Glans</strong></span> <span class='ocrx_word' id='word_1_91' title='bbox 309 1747 406 1808; x_wconf 87' lang='lat' dir='ltr'><strong>etiarn</strong></span> <span class='ocrx_word' id='word_1_92' title='bbox 420 1748 522 1833; x_wconf 83' lang='lat' dir='ltr'><strong>longo</strong></span> <span class='ocrx_word' id='word_1_93' title='bbox 538 1767 633 1811; x_wconf 89' lang='lat' dir='ltr'><strong>cursu</strong></span> <span class='ocrx_word' id='word_1_94' title='bbox 650 1747 816 1808; x_wconf 81' lang='lat' dir='ltr'><strong>volvunda</strong></span> <span class='ocrx_word' id='word_1_95' title='bbox 827 1745 986 1827; x_wconf 85' lang='lat' dir='ltr'><strong>liquescit.</strong></span> 
     </span>
     <span class='ocr_line' id='line_1_15' title="bbox 192 1850 1069 1938; baseline -0.003 -24"><span class='ocrx_word' id='word_1_96' title='bbox 192 1855 280 1938; x_wconf 86' lang='lat' dir='ltr'><strong>Ergo</strong></span> <span class='ocrx_word' id='word_1_97' title='bbox 289 1850 438 1916; x_wconf 77' lang='lat' dir='ltr'><strong>iervidus</strong></span> <span class='ocrx_word' id='word_1_98' title='bbox 450 1855 520 1936; x_wconf 89' lang='lat' dir='ltr'><strong>hio,</strong></span> <span class='ocrx_word' id='word_1_99' title='bbox 534 1856 656 1916; x_wconf 89' lang='lat' dir='ltr'><strong>nubem</strong></span> <span class='ocrx_word' id='word_1_100' title='bbox 667 1871 768 1934; x_wconf 89' lang='lat' dir='ltr'><strong>quom</strong></span> <span class='ocrx_word' id='word_1_101' title='bbox 778 1851 934 1934; x_wconf 88' lang='lat' dir='ltr'><strong>perscidit</strong></span> <span class='ocrx_word' id='word_1_102' title='bbox 945 1860 1069 1927; x_wconf 87' lang='lat' dir='ltr'><strong>atram,</strong></span> 
     </span>
     <span class='ocr_line' id='line_1_16' title="bbox 192 1954 1088 2039; baseline -0.004 -22"><span class='ocrx_word' id='word_1_103' title='bbox 192 1955 347 2038; x_wconf 85' lang='lat' dir='ltr'><strong>Dissupat</strong></span> <span class='ocrx_word' id='word_1_104' title='bbox 359 1955 499 2038; x_wconf 88' lang='lat' dir='ltr'><strong>ardoris,</strong></span> <span class='ocrx_word' id='word_1_105' title='bbox 511 1956 603 2037; x_wconf 87' lang='lat' dir='ltr'><strong>quasi</strong></span> <span class='ocrx_word' id='word_1_106' title='bbox 614 1975 674 2039; x_wconf 86' lang='lat' dir='ltr'><strong>per</strong></span> <span class='ocrx_word' id='word_1_107' title='bbox 689 1954 758 2016; x_wconf 89' lang='lat' dir='ltr'><strong>vim</strong></span> <span class='ocrx_word' id='word_1_108' title='bbox 774 1973 939 2039; x_wconf 71' lang='lat' dir='ltr'><strong>expresse,</strong></span> <span class='ocrx_word' id='word_1_109' title='bbox 952 1962 1088 2035; x_wconf 87' lang='lat' dir='ltr'><strong>repente</strong></span> 
     </span>
     <span class='ocr_line' id='line_1_17' title="bbox 192 2054 1143 2144; baseline -0.007 -22"><span class='ocrx_word' id='word_1_110' title='bbox 192 2059 340 2140; x_wconf 81' lang='lat' dir='ltr'><strong>Semina,</strong></span> <span class='ocrx_word' id='word_1_111' title='bbox 354 2081 439 2140; x_wconf 87' lang='lat' dir='ltr'><strong>quae</strong></span> <span class='ocrx_word' id='word_1_112' title='bbox 451 2059 578 2124; x_wconf 84' lang='lat' dir='ltr'><strong>faciunt</strong></span> <span class='ocrx_word' id='word_1_113' title='bbox 588 2059 748 2122; x_wconf 83' lang='lat' dir='ltr'><strong>nictantia</strong></span> <span class='ocrx_word' id='word_1_114' title='bbox 758 2060 891 2144; x_wconf 84' lang='lat' dir='ltr'><strong>fulgura</strong></span> <span class='ocrx_word' id='word_1_115' title='bbox 904 2060 1074 2121; x_wconf 83' lang='lat' dir='ltr'><strong>flammae:</strong></span> <span class='ocrx_word' id='word_1_116' title='bbox 1093 2054 1143 2116; x_wconf 75' lang='lat' dir='ltr'><strong>sla</strong></span> 
     </span>
     <span class='ocr_line' id='line_1_18' title="bbox 194 2161 1044 2246; baseline -0.001 -21"><span class='ocrx_word' id='word_1_117' title='bbox 194 2164 276 2226; x_wconf 92' lang='lat' dir='ltr'><strong>Inde</strong></span> <span class='ocrx_word' id='word_1_118' title='bbox 287 2183 386 2228; x_wconf 86' lang='lat' dir='ltr'><strong>sonus</strong></span> <span class='ocrx_word' id='word_1_119' title='bbox 400 2164 561 2246; x_wconf 85' lang='lat' dir='ltr'><strong>seqnitur,</strong></span> <span class='ocrx_word' id='word_1_120' title='bbox 574 2163 633 2245; x_wconf 90' lang='lat' dir='ltr'><strong>qui</strong></span> <span class='ocrx_word' id='word_1_121' title='bbox 647 2163 771 2228; x_wconf 89' lang='lat' dir='ltr'><strong>tardius</strong></span> <span class='ocrx_word' id='word_1_122' title='bbox 783 2163 885 2227; x_wconf 78' lang='lat' dir='ltr'><strong>allicit</strong></span> <span class='ocrx_word' id='word_1_123' title='bbox 899 2161 1022 2239; x_wconf 84' lang='lat' dir='ltr'><strong>aurcis,</strong></span> <span class='ocrx_word' id='word_1_124' title='bbox 1041 2236 1044 2241; x_wconf 20' lang='lat'><em>¹</em></span> 
     </span>
     <span class='ocr_line' id='line_1_19' title="bbox 195 2256 1131 2351; baseline 0 -22"><span class='ocrx_word' id='word_1_125' title='bbox 195 2269 305 2351; x_wconf 76' lang='lat' dir='ltr'><strong>Quam</strong></span> <span class='ocrx_word' id='word_1_126' title='bbox 319 2286 404 2346; x_wconf 88' lang='lat' dir='ltr'><strong>quac</strong></span> <span class='ocrx_word' id='word_1_127' title='bbox 414 2266 611 2349; x_wconf 82' lang='lat' dir='ltr'><strong>perveniunt</strong></span> <span class='ocrx_word' id='word_1_128' title='bbox 625 2268 797 2331; x_wconf 89' lang='lat' dir='ltr'><strong>oculorum</strong></span> <span class='ocrx_word' id='word_1_129' title='bbox 812 2269 855 2329; x_wconf 85' lang='lat' dir='ltr'><strong>ad</strong></span> <span class='ocrx_word' id='word_1_130' title='bbox 865 2267 983 2329; x_wconf 88' lang='lat' dir='ltr'><strong>limina</strong></span> <span class='ocrx_word' id='word_1_131' title='bbox 997 2256 1131 2329; x_wconf 34' lang='lat' dir='ltr'><strong>nostra*</strong></span> 
     </span>
     <span class='ocr_line' id='line_1_20' title="bbox 195 2365 1076 2453; baseline -0.001 -19"><span class='ocrx_word' id='word_1_132' title='bbox 195 2371 327 2435; x_wconf 86' lang='lat' dir='ltr'><strong>Scilicet</strong></span> <span class='ocrx_word' id='word_1_133' title='bbox 342 2373 407 2434; x_wconf 91' lang='lat' dir='ltr'><strong>hoc</strong></span> <span class='ocrx_word' id='word_1_134' title='bbox 418 2371 525 2435; x_wconf 88' lang='lat' dir='ltr'><strong>densis</strong></span> <span class='ocrx_word' id='word_1_135' title='bbox 537 2370 574 2433; x_wconf 92' lang='lat' dir='ltr'><strong>fit</strong></span> <span class='ocrx_word' id='word_1_136' title='bbox 589 2368 746 2453; x_wconf 73' lang='lat' dir='ltr'><strong>nubibus,</strong></span> <span class='ocrx_word' id='word_1_137' title='bbox 760 2383 793 2435; x_wconf 85' lang='lat' dir='ltr'><strong>et</strong></span> <span class='ocrx_word' id='word_1_138' title='bbox 804 2371 904 2435; x_wconf 90' lang='lat' dir='ltr'><strong>simul</strong></span> <span class='ocrx_word' id='word_1_139' title='bbox 916 2374 981 2434; x_wconf 88' lang='lat' dir='ltr'><strong>alte</strong></span> <span class='ocrx_word' id='word_1_140' title='bbox 1074 2365 1076 2368; x_wconf 42' lang='lat'><em>⁴</em></span> 
     </span>
     <span class='ocr_line' id='line_1_21' title="bbox 197 2475 907 2560; baseline 0.004 -24"><span class='ocrx_word' id='word_1_141' title='bbox 197 2476 374 2540; x_wconf 86' lang='lat' dir='ltr'><strong>Exstructis</strong></span> <span class='ocrx_word' id='word_1_142' title='bbox 386 2475 458 2540; x_wconf 87' lang='lat' dir='ltr'><strong>aliis</strong></span> <span class='ocrx_word' id='word_1_143' title='bbox 469 2476 550 2541; x_wconf 89' lang='lat' dir='ltr'><strong>alias</strong></span> <span class='ocrx_word' id='word_1_144' title='bbox 562 2497 661 2560; x_wconf 86' lang='lat' dir='ltr'><strong>super</strong></span> <span class='ocrx_word' id='word_1_145' title='bbox 673 2478 794 2560; x_wconf 88' lang='lat' dir='ltr'><strong>impete</strong></span> <span class='ocrx_word' id='word_1_146' title='bbox 811 2477 907 2540; x_wconf 90' lang='lat' dir='ltr'><strong>miro.</strong></span> 
     </span>
     <span class='ocr_line' id='line_1_22' title="bbox 239 2570 1045 2662; baseline 0.005 -22"><span class='ocrx_word' id='word_1_147' title='bbox 239 2570 307 2641; x_wconf 87' lang='lat' dir='ltr'><strong>Nec</strong></span> <span class='ocrx_word' id='word_1_148' title='bbox 320 2580 380 2642; x_wconf 88' lang='lat' dir='ltr'><strong>tihi</strong></span> <span class='ocrx_word' id='word_1_149' title='bbox 395 2581 436 2642; x_wconf 87' lang='lat' dir='ltr'><strong>sit</strong></span> <span class='ocrx_word' id='word_1_150' title='bbox 447 2581 572 2662; x_wconf 83' lang='lat' dir='ltr'><strong>fraudi,</strong></span> <span class='ocrx_word' id='word_1_151' title='bbox 584 2584 674 2662; x_wconf 83' lang='lat' dir='ltr'><strong>quod</strong></span> <span class='ocrx_word' id='word_1_152' title='bbox 684 2601 744 2644; x_wconf 92' lang='lat' dir='ltr'><strong>nos</strong></span> <span class='ocrx_word' id='word_1_153' title='bbox 754 2581 883 2644; x_wconf 82' lang='lat' dir='ltr'><strong>inferne</strong></span> <span class='ocrx_word' id='word_1_154' title='bbox 893 2581 1045 2644; x_wconf 77' lang='lat' dir='ltr'><strong>videmus</strong></span> 
     </span>
     <span class='ocr_line' id='line_1_23' title="bbox 200 2682 1106 2769; baseline 0.006 -24"><span class='ocrx_word' id='word_1_155' title='bbox 200 2685 309 2768; x_wconf 75' lang='lat' dir='ltr'><strong>Quam</strong></span> <span class='ocrx_word' id='word_1_156' title='bbox 320 2682 385 2745; x_wconf 90' lang='lat' dir='ltr'><strong>sint</strong></span> <span class='ocrx_word' id='word_1_157' title='bbox 398 2683 463 2748; x_wconf 91' lang='lat' dir='ltr'><strong>lata</strong></span> <span class='ocrx_word' id='word_1_158' title='bbox 472 2683 592 2769; x_wconf 83' lang='lat' dir='ltr'><strong>magis,</strong></span> <span class='ocrx_word' id='word_1_159' title='bbox 603 2705 703 2766; x_wconf 87' lang='lat' dir='ltr'><strong>quam</strong></span> <span class='ocrx_word' id='word_1_160' title='bbox 712 2706 840 2748; x_wconf 87' lang='lat' dir='ltr'><strong>sursum</strong></span> <span class='ocrx_word' id='word_1_161' title='bbox 851 2694 1012 2750; x_wconf 85' lang='lat' dir='ltr'><strong>exstructa</strong></span> <span class='ocrx_word' id='word_1_162' title='bbox 1022 2686 1106 2766; x_wconf 90' lang='lat' dir='ltr'><strong>quid</strong></span> 
     </span>
     <span class='ocr_line' id='line_1_24' title="bbox 591 2787 858 2852; baseline 0.004 -2"><span class='ocrx_word' id='word_1_163' title='bbox 591 2787 593 2792; x_wconf 82' lang='grc'><strong>’</strong></span> <span class='ocrx_word' id='word_1_164' title='bbox 631 2796 634 2801; x_wconf 86' lang='grc'><em>“</em></span> <span class='ocrx_word' id='word_1_165' title='bbox 723 2799 858 2852; x_wconf 85' lang='lat' dir='ltr'><strong>exstent.</strong></span> 
     </span>
     <span class='ocr_line' id='line_1_25' title="bbox 203 2891 1096 2980; baseline 0.007 -28"><span class='ocrx_word' id='word_1_166' title='bbox 203 2891 451 2973; x_wconf 84' lang='lat' dir='ltr'><strong>Contemplator</strong></span> <span class='ocrx_word' id='word_1_167' title='bbox 467 2891 555 2954; x_wconf 89' lang='lat' dir='ltr'><strong>euim</strong></span> <span class='ocrx_word' id='word_1_168' title='bbox 563 2938 573 2973; x_wconf 88' lang='lat'>,</span> <span class='ocrx_word' id='word_1_169' title='bbox 586 2911 702 2974; x_wconf 88' lang='lat' dir='ltr'><strong>quom,</strong></span> <span class='ocrx_word' id='word_1_170' title='bbox 714 2895 880 2974; x_wconf 82' lang='lat' dir='ltr'><strong>montibus</strong></span> <span class='ocrx_word' id='word_1_171' title='bbox 894 2894 1096 2980; x_wconf 77' lang='lat' dir='ltr'><strong>adsimilata,</strong></span> 
     </span>
     <span class='ocr_line' id='line_1_26' title="bbox 187 2994 1016 3080; baseline 0.005 -24"><span class='ocrx_word' id='word_1_172' title='bbox 187 3018 190 3022; x_wconf 63' lang='grc'>’</span> <span class='ocrx_word' id='word_1_173' title='bbox 203 2994 325 3056; x_wconf 85' lang='lat' dir='ltr'><strong>Nubila</strong></span> <span class='ocrx_word' id='word_1_174' title='bbox 337 2997 516 3077; x_wconf 85' lang='lat' dir='ltr'><strong>portabunt</strong></span> <span class='ocrx_word' id='word_1_175' title='bbox 527 2996 617 3057; x_wconf 87' lang='lat' dir='ltr'><strong>venti</strong></span> <span class='ocrx_word' id='word_1_176' title='bbox 634 3006 817 3060; x_wconf 82' lang='lat' dir='ltr'><strong>transversa</strong></span> <span class='ocrx_word' id='word_1_177' title='bbox 829 3018 889 3080; x_wconf 90' lang='lat' dir='ltr'><strong>per</strong></span> <span class='ocrx_word' id='word_1_178' title='bbox 902 3017 1016 3076; x_wconf 78' lang='lat' dir='ltr'><strong>auras3</strong></span> 
     </span>
     <span class='ocr_line' id='line_1_27' title="bbox 117 3083 1034 3186; baseline 0.008 -23"><span class='ocrx_word' id='word_1_179' title='bbox 117 3164 126 3184; x_wconf 46' lang='lat' dir='ltr'><strong><em>s</em></strong></span> <span class='ocrx_word' id='word_1_180' title='bbox 205 3101 270 3164; x_wconf 75' lang='lat' dir='ltr'><strong>Aut</strong></span> <span class='ocrx_word' id='word_1_181' title='bbox 283 3101 341 3163; x_wconf 91' lang='lat' dir='ltr'><strong>ubi</strong></span> <span class='ocrx_word' id='word_1_182' title='bbox 353 3123 413 3184; x_wconf 90' lang='lat' dir='ltr'><strong>per</strong></span> <span class='ocrx_word' id='word_1_183' title='bbox 427 3121 564 3186; x_wconf 85' lang='lat' dir='ltr'><strong>magnos</strong></span> <span class='ocrx_word' id='word_1_184' title='bbox 575 3103 715 3166; x_wconf 88' lang='lat' dir='ltr'><strong>monteis</strong></span> <span class='ocrx_word' id='word_1_185' title='bbox 730 3083 894 3167; x_wconf 82' lang='lat' dir='ltr'><strong>cumulata</strong></span> <span class='ocrx_word' id='word_1_186' title='bbox 906 3105 1034 3170; x_wconf 80' lang='lat' dir='ltr'><strong>videbis</strong></span> 
     </span>
     <span class='ocr_line' id='line_1_28' title="bbox 124 3208 995 3298; baseline 0 -25"><span class='ocrx_word' id='word_1_187' title='bbox 124 3266 127 3273; x_wconf 81' lang='grc'>,</span> <span class='ocrx_word' id='word_1_188' title='bbox 206 3210 345 3291; x_wconf 90' lang='lat' dir='ltr'><strong>Insuper</strong></span> <span class='ocrx_word' id='word_1_189' title='bbox 360 3229 427 3272; x_wconf 87' lang='lat' dir='ltr'><strong>esse</strong></span> <span class='ocrx_word' id='word_1_190' title='bbox 436 3208 508 3271; x_wconf 87' lang='lat' dir='ltr'><strong>aliis</strong></span> <span class='ocrx_word' id='word_1_191' title='bbox 520 3209 598 3290; x_wconf 89' lang='lat' dir='ltr'><strong>alia,</strong></span> <span class='ocrx_word' id='word_1_192' title='bbox 610 3220 708 3291; x_wconf 90' lang='lat' dir='ltr'><strong>atque</strong></span> <span class='ocrx_word' id='word_1_193' title='bbox 721 3232 837 3298; x_wconf 83' lang='lat' dir='ltr'><strong>urgere</strong></span> <span class='ocrx_word' id='word_1_194' title='bbox 851 3230 995 3295; x_wconf 87' lang='lat' dir='ltr'><strong>superna</strong></span> 
     </span>
     <span class='ocr_line' id='line_1_29' title="bbox 207 3309 980 3395; baseline 0.005 -21"><span class='ocrx_word' id='word_1_195' title='bbox 207 3313 248 3374; x_wconf 88' lang='lat' dir='ltr'><strong>In</strong></span> <span class='ocrx_word' id='word_1_196' title='bbox 264 3309 401 3374; x_wconf 89' lang='lat' dir='ltr'><strong>statione</strong></span> <span class='ocrx_word' id='word_1_197' title='bbox 415 3313 533 3392; x_wconf 84' lang='lat' dir='ltr'><strong>locata,</strong></span> <span class='ocrx_word' id='word_1_198' title='bbox 548 3313 683 3394; x_wconf 86' lang='lat' dir='ltr'><strong>sepultis</strong></span> <span class='ocrx_word' id='word_1_199' title='bbox 699 3315 845 3395; x_wconf 85' lang='lat' dir='ltr'><strong>undique</strong></span> <span class='ocrx_word' id='word_1_200' title='bbox 858 3314 980 3379; x_wconf 83' lang='lat' dir='ltr'><strong>ventis:</strong></span> 
     </span>
     <span class='ocr_line' id='line_1_30' title="bbox 208 3418 1066 3510; baseline 0 -24"><span class='ocrx_word' id='word_1_201' title='bbox 208 3423 295 3486; x_wconf 90' lang='lat' dir='ltr'><strong>Tum</strong></span> <span class='ocrx_word' id='word_1_202' title='bbox 309 3418 430 3505; x_wconf 88' lang='lat' dir='ltr'><strong>poteris</strong></span> <span class='ocrx_word' id='word_1_203' title='bbox 441 3439 577 3508; x_wconf 84' lang='lat' dir='ltr'><strong>magnas</strong></span> <span class='ocrx_word' id='word_1_204' title='bbox 594 3422 709 3487; x_wconf 89' lang='lat' dir='ltr'><strong>moleis</strong></span> <span class='ocrx_word' id='word_1_205' title='bbox 724 3443 917 3510; x_wconf 83' lang='lat' dir='ltr'><strong>cognoscere</strong></span> <span class='ocrx_word' id='word_1_206' title='bbox 928 3444 1066 3506; x_wconf 85' lang='lat' dir='ltr'><strong>eorum,</strong></span> 
     </span>
     <span class='ocr_line' id='line_1_31' title="bbox 169 3526 1058 3613; baseline 0.003 -22"><span class='ocrx_word' id='word_1_207' title='bbox 169 3565 171 3568; x_wconf 57' lang='lat'>&gt;</span> <span class='ocrx_word' id='word_1_208' title='bbox 210 3530 451 3611; x_wconf 81' lang='lat' dir='ltr'><strong>speluncasque</strong></span> <span class='ocrx_word' id='word_1_209' title='bbox 465 3531 569 3611; x_wconf 86' lang='lat' dir='ltr'><strong>velut,</strong></span> <span class='ocrx_word' id='word_1_210' title='bbox 585 3529 670 3593; x_wconf 83' lang='lat' dir='ltr'><strong>saxis</strong></span> <span class='ocrx_word' id='word_1_211' title='bbox 686 3526 1058 3613; x_wconf 57' lang='lat' dir='ltr'><strong>pendentibu’structas,⁸</strong></span> 
     </span>
     <span class='ocr_line' id='line_1_32' title="bbox 212 3627 1044 3720; baseline 0.001 -23"><span class='ocrx_word' id='word_1_212' title='bbox 212 3639 369 3714; x_wconf 86' lang='lat' dir='ltr'><strong>Cernere;</strong></span> <span class='ocrx_word' id='word_1_213' title='bbox 386 3627 467 3719; x_wconf 83' lang='lat' dir='ltr'><strong>quas</strong></span> <span class='ocrx_word' id='word_1_214' title='bbox 478 3637 569 3700; x_wconf 88' lang='lat' dir='ltr'><strong>venti</strong></span> <span class='ocrx_word' id='word_1_215' title='bbox 583 3657 700 3719; x_wconf 86' lang='lat' dir='ltr'><strong>quom,</strong></span> <span class='ocrx_word' id='word_1_216' title='bbox 717 3646 905 3720; x_wconf 80' lang='lat' dir='ltr'><strong>tempestate</strong></span> <span class='ocrx_word' id='word_1_217' title='bbox 917 3648 1044 3718; x_wconf 88' lang='lat' dir='ltr'><strong>coorta,</strong></span> 
     </span>
     <span class='ocr_line' id='line_1_33' title="bbox 122 3727 1084 3830; baseline 0.005 -31"><span class='ocrx_word' id='word_1_218' title='bbox 122 3727 128 3736; x_wconf 69' lang='grc'>’</span> <span class='ocrx_word' id='word_1_219' title='bbox 213 3741 442 3827; x_wconf 82' lang='lat' dir='ltr'><strong>Complerunt‚</strong></span> <span class='ocrx_word' id='word_1_220' title='bbox 460 3762 581 3830; x_wconf 82' lang='lat' dir='ltr'><strong>magno</strong></span> <span class='ocrx_word' id='word_1_221' title='bbox 593 3741 808 3828; x_wconf 83' lang='lat' dir='ltr'><strong>indignantur</strong></span> <span class='ocrx_word' id='word_1_222' title='bbox 816 3763 986 3806; x_wconf 87' lang='lat' dir='ltr'><strong>murmure</strong></span> <span class='ocrx_word' id='word_1_223' title='bbox 1000 3739 1084 3807; x_wconf 89' lang='lat' dir='ltr'><strong>clusi</strong></span> 
     </span>
    </p>
   </div>
   <div class='ocr_carea' id='block_1_3' title="bbox 0 0 1332 4732">
    <p class='ocr_par' dir='ltr' id='par_1_3' title="bbox 0 0 1332 4732">
     <span class='ocr_line' id='line_1_34' title="bbox 0 0 1332 4732; baseline 0 0"><span class='ocrx_word' id='word_1_224' title='bbox 0 0 1332 4732; x_wconf 95' lang='lat' dir='ltr'><strong> </strong></span> 
     </span>
    </p>
   </div>
  </div>
 </body>
</html>
