2550 4726
499 363 780 443 VITA.
1081 312 1132 441 nr⁴

166 528 267 630 que‘rl
284 529 515 628 Anaxagorae
529 527 669 625 Phyaici
683 527 828 603 auditor
840 526 976 603 inruet
1003 527 1129 609 atDe·

162 643 387 719 mosthenem
406 639 531 726 illum,
557 663 669 733 quern
686 639 869 739 Longinus
881 638 1047 726 scribit,
1039 639 1129 737 ignia
1207 656 1215 669 ¹

161 752 288 841 instat,
310 772 456 834 eorum,
475 771 569 841 quos
583 747 719 830 afficere
732 747 839 833 velit,
861 747 999 820 animos
1011 749 1129 829 incon,

160 863 370 955 deceatque
390 856 634 947 inflammare,
656 873 758 937 tanto
776 856 950 939 maiorem
964 858 1127 949 evanue,

160 970 264 1066 qnod
278 969 466 1041 Platonem
481 967 519 1044 in
529 963 719 1047 Academia
732 964 779 1036 de
792 964 1048 1048 robusasensu
1061 989 1128 1071 po·
1161 986 1163 991 ’

158 1080 275 1178 pulari
298 1076 444 1169 remotis
463 1075 706 1180 disputantem
731 1072 938 1147 audivisset:
963 1074 1010 1147 ita
1033 1073 1129 1145 arbi·

158 1207 257 1282 tror,
279 1215 363 1265 eum
385 1202 586 1274 oratorem,
600 1187 666 1279 qui
685 1184 843 1266 studiose
853 1184 1063 1259 Lucretium
1082 1186 1128 1259 le·

157 1319 238 1402 gat,
255 1303 375 1377 multo
389 1296 540 1377 maiores
554 1296 761 1379 indicendo
771 1296 908 1371 sonitus
921 1296 1127 1384 editurum,

154 1416 354 1506 multoque
370 1410 618 1485 vehementius
637 1408 775 1485 animos
797 1407 1008 1487 auditorum
1026 1402 1128 1500 quari

155 1545 425 1617 percussurum,
439 1535 497 1607 et,
508 1540 734 1612 quocunque
748 1518 862 1604 volet,
874 1516 1126 1610 impulsurum,

155 1623 292 1726 Neque
315 1647 437 1701 tamen
467 1629 537 1700 hoc
562 1627 612 1698 ita
633 1626 748 1720 accipi
770 1628 906 1714 velim,
929 1625 1029 1718 quasi
1055 1625 1127 1696 hoc

155 1741 328 1827 sentiam,
345 1739 626 1834 disputationem
641 1738 687 1810 de
701 1736 858 1825 Atomis,
885 1752 921 1809 et
940 1735 985 1807 de
998 1759 1125 1808 earum

154 1851 393 1923 concursione
413 1849 580 1945 fortuita,
599 1865 636 1920 et
654 1848 702 1919 de
713 1873 835 1931 earum
851 1862 958 1919 motu
971 1847 1125 1940 triplici,

156 1975 193 2033 et
206 1959 381 2032 similibus
403 1960 525 2048 rebus,
546 1960 595 2031 ad
612 1961 839 2053 eloquentiae
858 1960 1124 2031 incrementum

153 2094 196 2142 ac
210 2071 362 2165 pondua
374 2069 635 2164 acquirendum
649 2073 780 2142 oratori
796 2069 1044 2164 profuturam:
1063 2067 1125 2141 sed

153 2177 225 2259 lroc
247 2181 391 2269 sentio,
415 2180 485 2268 hoc
510 2177 613 2265 dico,
640 2178 796 2249 detracta
818 2194 998 2252 certorum
1016 2178 1127 2253 libro·

152 2309 235 2363 tum
252 2288 421 2376 materia,
440 2289 514 2360 eius
530 2287 732 2373 tractandae
745 2288 921 2359 rationem
940 2311 981 2359 ac
999 2288 1125 2402 figurae

154 2393 291 2464 oratori
311 2416 457 2490 magnos
477 2411 514 2467 et
538 2394 664 2465 uberes
680 2395 822 2469 fructus
845 2397 1029 2484 allaturas,
1047 2420 1124 2468 ma·

153 2517 306 2598 guoque
322 2501 539 2579 adiumento
549 2504 597 2573 ad
611 2506 856 2597 eloquentiam
871 2506 1043 2578 omnibus
1053 2505 1124 2577 suia

151 2608 316 2704 partibus
328 2611 527 2683 absolutam
543 2614 820 2707 comparandam
829 2613 964 2687 futuras
973 2639 984 2702 3
1000 2630 1036 2694 et
1048 2636 1125 2685 ora·

154 2735 274 2791 torem
287 2720 332 2791 ab
347 2720 453 2792 huius
463 2725 637 2816 poematis
649 2725 804 2796 lectione
817 2723 1039 2819 profectum,
1053 2746 1127 2794 ora·

152 2830 296 2904 tionem
322 2829 573 2904 confecturum
597 2835 705 2931 longe
727 2834 985 2932 grandiorem,
1013 2835 1122 2932 magia

152 2963 343 3028 sonoram,
359 2940 467 3039 magis
485 2944 655 3030 arduam,
674 2961 710 3014 et
721 2947 918 3033 excelsam,
932 2945 1041 3041 magis
1058 2943 1124 3025 de·

151 3047 293 3140 nique,
319 3063 362 3120 ut
387 3049 436 3129 ita
454 3048 596 3138 dicam,
623 3067 860 3139 exstructam,
883 3065 996 3142 atque
1017 3073 1123 3149 exag-

151 3170 321 3254 geratam.

202 3265 278 3337 Iam
298 3264 401 3358 quod
425 3265 521 3338 idem
548 3266 795 3372 Quintilianus
815 3268 886 3358 ait,
912 3269 1122 3342 Lucretium

152 3397 228 3446 esse
254 3373 457 3465 difficilem,
482 3378 572 3470 quid
599 3377 751 3467 diceret,
773 3378 803 3449 si
823 3379 876 3449 his
897 3381 1123 3474 temporibus

151 3499 259 3567 natus
275 3498 382 3572 esset,
401 3484 535 3612 quibus
553 3486 686 3558 acertis
704 3488 914 3562 hominibus
933 3491 981 3559 ita
996 3489 1123 3584 depra-

151 3613 256 3667 vatus
280 3614 351 3686 est,
371 3614 414 3668 ut
432 3599 494 3668 vix
514 3600 587 3671 eius
606 3599 750 3693 pristina
768 3600 887 3673 facies
877 3620 1122 3700 agnoscatur,

151 3729 240 3778 curn
264 3725 301 3778 et
316 3710 423 3781 aetati
446 3709 602 3783 Lucretii
616 3737 729 3806 paene
742 3713 896 3801 vicinus,
916 3733 952 3786 et
968 3715 1123 3793 Lucretii

153 3819 399 3914 exemplaria
389 3835 525 3928 integra
542 3836 579 3897 et
595 3822 806 3916 emendata,
822 3842 884 3899 aut
901 3841 996 3900 certe
1010 3851 1123 3970 quana
