2572 4732
282 346 363 413 ns·
487 351 554 412 uu
581 350 770 411 neuun
797 348 1012 412 urruns
1073 350 1201 430 v.187.

279 496 475 577 Ptopterea,
494 489 662 573 quiaeunt
679 489 826 572 eprimis
840 490 925 552 facta
941 488 1097 553 minutiae

280 605 375 686 Quae
384 599 478 684 quasi
489 603 673 681 cuduntur,
693 590 819 681 perque
833 597 917 662 a'eris
936 598 1152 662 intervallum
1252 676 1257 685 .

279 708 355 769 Non
373 706 526 768 dubitant
541 703 693 785 transire,
714 701 1013 785 sequeuti.coneita
1023 702 1135 787 plage.

278 810 511 893 suppeditatur
525 809 615 872 enim
630 809 801 871 confestim
816 807 944 872 lumine
962 809 1098 889 lumen,

364 917 422 981 'asi
436 919 565 1000 protelo
575 916 762 978 stimulatur
776 916 909 1002 fulgure
927 914 1051 1001 fulgur.

279 1024 488 1107 Quapropter
505 1020 679 1085 simulacra
692 1021 765 1104 pari
779 1020 907 1083 ratione
924 1039 1054 1082 neeesse
1073 1026 1122 1082 est

278 1127 545 1189 Immemorabile
557 1146 619 1208 per
637 1126 779 1208 spatium
796 1134 1017 1189 transcurrere
1034 1132 1130 1206 posse

278 1233 450 1317 TemporIs
464 1233 500 1295 in
512 1240 653 1314 puncto:
670 1232 834 1314 primum,
855 1233 946 1312 quod
955 1231 1093 1313 parvola
1108 1249 1211 1294 eausa

279 1338 334 1400 Est
344 1337 460 1418 procul
473 1356 493 1397 a
506 1347 611 1423 tergo,
625 1358 710 1417 quae
723 1342 883 1422 provehat
898 1348 996 1420 atque
1010 1340 1196 1422 propellatr

278 1443 424 1523 Deinde,
442 1443 533 1522 quod
547 1463 652 1522 usque
663 1445 746 1505 adeo
763 1455 891 1508 textura
909 1444 1058 1527 praedita
1071 1465 1148 1507 rara

279 1550 469 1631 Mittuntur,
490 1549 585 1612 facile
601 1559 637 1612 ut
651 1550 781 1631 quasvis
795 1560 968 1633 penetrare
981 1561 1104 1632 queant
1118 1570 1190 1633 res,
1237 1560 1240 1565 '

278 1662 319 1721 Et
332 1656 426 1740 quasi
444 1675 639 1740 permanare
656 1676 717 1737 per
730 1655 1050 1720 a'e'risintervallum.

319 1768 505 1844 Praeterea,
521 1762 567 1843 si,
581 1781 665 1842 quae
684 1761 814 1843 penitus
831 1765 1025 1846 corpuscula
1041 1783 1157 1827 rerum

279 1872 328 1932 Ex
347 1870 480 1950 altoque
499 1868 586 1928 foras
603 1866 796 1949 mittuntur,
815 1867 894 1932 solis
905 1868 954 1931 uti
965 1871 1038 1951 lux,

278 1975 326 2035 Ae
339 1990 460 2053 vapor,
478 1972 559 2031 haec
573 1979 696 2058 puncto
712 1981 891 2033 cernuntur
909 1973 1001 2054 lapsa
1017 1970 1085 2036 diei
1179 1990 1239 2036 aon

278 2082 342 2142 Per
360 2087 464 2138 totum
479 2075 562 2138 coeli
577 2074 720 2158 spatium
736 2073 921 2150 diffundere
935 2099 1019 2158 sese3
1168 2154 1174 2165 .

279 2187 406 2263 Perque
420 2183 532 2245 volare
547 2166 638 2245 mare
649 2202 687 2244 ae
703 2191 816 2263 terras,
832 2187 1027 2264 coelumque
1037 2184 1149 2270 rigare

280 2289 379 2371 Quod
391 2307 489 2369 super
502 2296 563 2364 est3
582 2285 640 2348 uhi
657 2296 724 2349 tarn
740 2289 867 2350 volueri
886 2288 1018 2351 levitate
1031 2288 1210 2354 ferunture

228 2378 230 2383 ¹
280 2396 390 2482 Quid?
400 2415 484 2477 quae
496 2403 572 2456 sunt
586 2392 686 2479 igitur
695 2391 762 2453 iam
776 2392 884 2477 prima
899 2393 1008 2458 fronte
1023 2404 1141 2479 parata

257 2526 261 2533 ·
280 2502 390 2583 Quom
404 2496 584 2575 iaciuntur,
596 2503 629 2555 et
641 2492 795 2557 emissum
811 2515 862 2557 res
879 2497 972 2559 nulla
989 2507 1157 2583 moratur,

280 2604 399 2685 Quone
411 2596 502 2657 vides
513 2595 608 2683 eitius
622 2596 756 2677 debere,
772 2608 804 2659 et
823 2598 969 2684 longius,
982 2599 1048 2676 ire3

259 2703 518 2785 'Multiplexque
528 2700 593 2762 loci
603 2700 746 2782 spatium
764 2711 983 2766 transcurrere
997 2707 1114 2766 eodem
1200 2718 1204 2723 '

278 2814 460 2893 Tempore,
481 2827 548 2889 quo
561 2805 639 2870 solis
654 2810 850 2894 pervolgant
867 2809 995 2873 lumina
1013 2798 1173 2875 eoelum?

274 2912 277 2919 ’
318 2915 392 2976 Hoc
405 2911 504 2974 etiam
517 2910 683 2995 inprimis
696 2910 863 2993 specimen
873 2934 989 2977 verum
1005 2935 1071 2978 esse
1084 2913 1244 3001 videtur,

204 3004 206 3009 ⁸
226 3071 230 3080 .
279 3022 388 3105 Quam
401 3017 500 3080 celeri
515 2997 606 3082 mofir
622 3039 733 3081 rerum
750 3018 925 3082 simulacra
942 3021 1104 3101 ferantur,

228 3140 230 3147 '
279 3129 395 3211 Quod,
412 3108 510 3188 simul
522 3145 560 3188 ac
570 3124 716 3208 primum
732 3127 794 3189 sub
807 3125 886 3189 divo
897 3129 1051 3208 splendor
1064 3131 1167 3208 aquai

278 3231 434 3312 Ponitur,
449 3232 629 3313 extemplo,
644 3233 737 3294 eoelo
750 3233 899 3294 stellante
918 3252 1050 3313 sereno,

279 3340 394 3416 Sidera
404 3318 603 3421 respondent
617 3337 653 3400 in
664 3357 750 3418 aqua
766 3339 929 3401 radiantia
944 3340 1072 3404 mundi.

279 3454 393 3514 Iamne
402 3448 494 3511 vides
501 3447 616 3534 igitur,
638 3466 738 3528 quam
751 3457 875 3529 puncto
891 3458 1036 3532 tempore
1047 3451 1162 3540 imago

280 3553 427 3618 Aetheris
442 3573 482 3617 ex
498 3550 565 3615 oris
577 3551 615 3614 in
631 3561 792 3615 terrarum
806 3551 932 3615 aecidat
947 3555 1049 3616 oras?

280 3663 391 3743 Quare
405 3659 503 3723 etium
513 3666 610 3740 atque
620 3658 719 3722 etiam
729 3659 814 3722 mira
824 3661 945 3723 fateare
955 3680 1084 3724 neeesse
1093 3670 1146 3726 est

281 3768 447 3850 Corpora,
463 3788 548 3849 quae
560 3753 679 3830 feriant
689 3767 803 3845 oeulos
808 3811 825 3865 ,⁹
833 3766 1004 3849 visumque
1015 3768 1196 3854 lacessant,
