2550 4726
248 364 287 411 ro
365 370 369 375 ’
455 342 733 406 DERERUM
761 341 978 406 NATURA
1038 346 1165 423 niso.

247 490 388 554 Seminis
399 492 442 553 ad
454 489 594 572 coitum,
611 511 630 553 e
650 478 756 553 nihilo
771 490 800 553 si
814 512 958 555 crescere
968 502 1114 575 possent.

190 594 206 599 ”
247 594 332 656 Nam
345 586 461 656 fieren't
470 593 606 656 iuvenes
621 594 731 656 subito
744 615 784 656 ex
794 593 970 658 infantibu'
982 595 1112 679 parvis,

219 701 223 709 “
246 699 275 758 E
290 707 457 778 terraque,
467 704 579 757 exorta
592 705 745 777 repente,
756 700 888 762 arbusta
902 698 1047 762 salirent.

147 829 150 835 ·
246 805 398 887 Quorum
415 802 463 865 nil
478 799 552 863 fieri
565 801 775 865 manifestum
788 813 850 888 est,
868 805 981 868 omnia
992 806 1130 887 quando

246 909 423 973 Paullatim
432 902 598 989 oresonnt,
614 916 651 970 ut
669 923 729 990 par
742 917 802 991 est,
821 909 946 975 semine
956 921 1057 989 cert03

55 1052 62 1063 .
154 1070 157 1075 ,
249 1014 497 1092 Crescendoque
511 1032 615 1096 genus
633 1023 779 1075 servants
795 1023 833 1075 ut
849 1035 984 1081 noscere
998 1017 1103 1100 possis

248 1114 407 1197 Quaeque
421 1132 480 1175 sua
494 1113 535 1174 de
551 1113 687 1175 materia
699 1120 929 1202 grandescere,
943 1121 1064 1202 alique.

288 1223 364 1281 Huc
376 1218 514 1299 accedit,
531 1220 579 1281 uti
592 1220 663 1284 sine
679 1222 772 1286 certis
785 1222 947 1290 imbribus
960 1228 1042 1292 anni

248 1321 420 1386 Laetificos
436 1331 580 1404 nequeat
592 1324 675 1387 fetus
690 1327 895 1391 summittere
908 1330 1022 1394 tellus:

249 1432 318 1494 Noc
329 1451 445 1515 porro,
456 1441 580 1495 secreta
595 1431 686 1514 cibo,
703 1442 821 1497 natura
836 1434 1043 1500 animantum

249 1537 436 1623 Propagare
450 1557 558 1622 genus
569 1537 687 1620 possit,
701 1538 870 1621 vitamque
887 1541 990 1604 tueri:

247 1640 295 1702 Ut
308 1640 416 1723 potius
433 1644 545 1706 multis
561 1645 751 1707 communia
769 1665 909 1728 corpora
924 1649 1023 1712 rebus
1064 1668 1070 1677 ·

250 1746 356 1807 Multa
369 1755 462 1827 putes
478 1767 565 1829 esse,
584 1757 621 1810 ut
634 1749 743 1812 verbis
762 1752 925 1813 elementa
935 1751 1101 1834 videmus,

251 1853 360 1936 Quam
374 1851 445 1913 sine
462 1850 635 1934 principiis
650 1855 753 1915 ullam
766 1875 838 1916 rem
855 1854 992 1919 existere
1002 1876 1112 1939 posse.

291 1955 442 2039 Denique
456 1978 543 2038 quur
562 1956 713 2022 homines
731 1962 838 2023 tantos
853 1968 972 2022 natura
989 1979 1106 2043 parare
1132 1978 1215 2021 -soo

251 2050 325 2124 Non
337 2062 460 2145 potuit,
475 2063 614 2145 pedibus
630 2063 688 2144 qui
701 2073 840 2146 pontum
850 2066 1007 2146 pervade
1019 2073 1151 2146 possent

251 2168 424 2251 Transire,
438 2181 470 2232 ot
481 2189 618 2257 magnos
632 2168 784 2232 manibus
792 2170 952 2233 divellere
963 2168 1122 2249 monteis,
1221 2252 1225 2259 .

252 2275 423 2352 Multaque
438 2273 580 2336 vivendo
597 2273 710 2335 vitalia
725 2272 857 2336 vincere
867 2276 975 2353 secla3

252 2376 380 2458 sinon,
397 2376 547 2441 materies
562 2378 641 2458 quia
656 2379 755 2441 rebus
767 2377 895 2440 reddita
914 2387 1001 2441 certa
1011 2387 1060 2441 est
1132 2410 1136 2415 ·

254 2481 460 2566 Gignundis,
477 2504 573 2564 equa
588 2492 712 2547 constat
727 2482 810 2564 qnid
820 2482 922 2567 possit
936 2482 1041 2548 oriri?

254 2586 309 2648 Nil
321 2586 423 2672 igitur
433 2585 506 2650 fieri
517 2591 558 2651 de
569 2589 641 2652 nilo
654 2609 748 2672 posse
761 2591 930 2653 fatendum
940 2599 1007 2668 est;

256 2695 387 2761 Semine
399 2699 533 2778 quando
546 2717 630 2781 opus
640 2708 688 2762 est
709 2702 824 2779 rebus,
837 2718 905 2780 quo
915 2717 1066 2779 quaeque
1081 2703 1214 2761 creatae

255 2803 349 2867 AerIs
358 2803 395 2866 in
413 2812 540 2868 teneras
557 2814 689 2887 possent
702 2803 883 2887 proferrier
898 2824 1004 2865 auras.
1052 2812 1055 2817 ’

294 2910 478 2989 Postremo,
497 2907 664 2988 quoniam.
675 2907 807 2970 incultis
823 2917 987 2989 praestare
1006 2902 1158 2972 videmus

256 3012 352 3077 Culta
364 3013 451 3093 loca,
473 3020 505 3073 et
518 3011 671 3074 manibus
681 3012 834 3097 meliores
847 3014 983 3074 reddere
995 3012 1098 3093 fetus,
1208 3082 1210 3086 ⁸

253 3116 330 3178 Esse
345 3113 499 3176 videlicet
509 3111 546 3176 in
561 3113 654 3180 terris
666 3113 851 3196 primordia
866 3134 997 3192 rerum3

254 3227 348 3310 Quae
359 3242 435 3303 nos,
453 3221 609 3284 fecundas
624 3233 789 3286 vortentes
804 3243 938 3286 vomere
950 3225 1081 3309 glebas,

254 3331 435 3410 Terraique
451 3331 560 3393 solum
575 3328 780 3416 subigentes,
797 3327 901 3392 cimus
917 3331 960 3391 ad
977 3337 1077 3393 ortus.
1159 3370 1163 3375 -

218 3434 222 3443 ’
256 3434 399 3520 Quodsi
414 3437 508 3499 nulla
522 3437 646 3516 forent,
663 3445 776 3499 nostro
788 3433 859 3499 sine
873 3456 1024 3517 quaeque
1038 3441 1170 3520 labore,

255 3544 378 3626 Sponte
390 3563 466 3626 sua,
485 3547 591 3607 multo
610 3543 683 3606 fieri
697 3543 834 3606 meliora
847 3543 984 3610 videres.

298 3651 372 3711 Huc
388 3649 532 3732 aceedit,
547 3647 597 3710 uti
611 3646 756 3731 quidque
767 3648 803 3710 in
819 3669 879 3712 sua
892 3670 1032 3733 corpora
1044 3671 1178 3714 rursum

257 3755 421 3820 Dissolvat
431 3739 564 3840 nature,
582 3740 745 3838 nequffi
762 3753 906 3819 nihilum
915 3753 1081 3818 interimat
1090 3775 1153 3835 res.

986 4088 1004 4130 l
