2550 4726
355 332 608 396 ¹bruun
648 332 715 397 v1.
755 335 877 397 uras.
1054 351 1112 418 πη

156 475 288 541 Scilicet
296 479 333 538 ut
344 476 491 539 crebram
501 472 618 537 silvam
631 492 733 554 quom
748 473 885 538 flamina
896 475 996 539 Cauri
1043 500 1048 539 ε

155 583 313 660 Perdant,
327 581 407 643 dant
417 577 561 642 sonitum
572 577 721 658 frondes,
735 577 885 660 ramique
893 580 1069 665 fragorem.

193 683 245 746 Fit
258 702 405 767 quoque,
417 695 455 747 ut
465 683 747 748 interdurn'validi
756 686 807 749 vis
816 686 916 752 incita
927 688 1019 751 venti

154 789 343 854 Perscindat
356 791 496 869 nubem,
512 788 718 873 perfringens
729 789 851 873 impete
862 802 962 857 recto.

153 897 255 976 Nam,
268 892 350 974 quid
365 891 465 975 possit
475 891 524 953 ibi
533 893 646 975 flatus,
658 891 829 956 manifesta
843 895 938 957 docet
946 914 999 958 res

152 1002 230 1083 Hic,
244 999 303 1064 ubi
314 999 420 1062 lenior
431 1007 492 1079 est,
506 998 544 1061 in
554 1005 654 1079 terra,
669 1017 770 1078 quom
783 1007 893 1062 tamen
902 1000 970 1062 alu

153 1107 292 1170 Arbusta
306 1108 459 1169 evolvens
471 1103 636 1169 radicibus
646 1102 757 1168 haurit
771 1107 815 1168 ab
829 1104 913 1169 imis.

190 1211 383 1276 suntetiam
394 1214 510 1273 fluctus
520 1230 580 1292 per
594 1207 722 1288 nubile,
735 1208 793 1287 qui
803 1207 899 1288 quasi
914 1228 1066 1273 murmur

150 1316 238 1378 Dant
251 1315 288 1378 in
301 1316 489 1401 frangundo
499 1311 661 1398 graviter:
675 1312 766 1393 quod
780 1311 859 1376 item
875 1310 911 1375 fit
925 1312 963 1377 in
977 1313 1053 1377 altis
1109 1375 1112 1378 Α

149 1418 372 1501 Elummibus,
384 1437 570 1504 magnoque
581 1416 681 1498 mari,
692 1436 794 1505 quom
804 1414 967 1502 frangitur
977 1426 1080 1481 aestu.

187 1522 239 1585 Fit
251 1544 402 1606 quoque,
412 1523 500 1586 ubic
511 1523 599 1587 nube
611 1520 648 1585 in
659 1520 842 1602 nubemvis
851 1521 968 1584 incidit
980 1523 1100 1584 ardens

149 1628 324 1692 Fulminisz
337 1633 433 1709 haec,
445 1631 550 1693 multo
561 1628 589 1693 si
600 1629 684 1703 forte
693 1631 834 1692 humore
844 1626 970 1711 recepit

149 1734 276 1820 Ignem,
290 1735 446 1812 continuo
457 1754 578 1821 magno
593 1737 736 1803 elamore
753 1733 911 1800 trucidat:
1007 1810 1010 1817 Ι

148 1839 190 1899 Ut
200 1838 315 1900 calidis
329 1841 471 1902 candens
480 1838 634 1901 ferrume
648 1839 836 1903 fornacibus
850 1835 933 1901 olim

146 1944 274 2022 stridit,
289 1944 348 2006 ubi
356 1943 392 2005 in
404 1945 554 2030 gelidum
563 1953 698 2026 propter
712 1942 926 2007 demersimus
936 1942 1088 2005 imbrem.

183 2048 319 2112 Aridior
333 2068 433 2131 porro
448 2048 477 2112 si
492 2053 596 2113 nubes
608 2051 727 2133 accipit
742 2051 872 2135 ignem,
1044 2051 1101 2110 rto

147 2155 260 2218 Uritur
269 2154 396 2240 ingenti
411 2154 538 2238 sonitu,
549 2176 706 2221 succensa
718 2167 872 2239 repentes

146 2259 356 2322 lauricomos
368 2258 442 2323 utsi
451 2281 512 2343 per
524 2259 664 2326 monteis
678 2263 810 2323 flamma
826 2268 977 2346 vagetur,

145 2367 291 2430 Turbine
304 2377 478 2430 ventorum
489 2369 684 2432 comburens
696 2368 819 2451 impete
828 2387 959 2454 magno.

145 2473 210 2536 Nec
223 2494 275 2535 res
286 2474 354 2534 ulla
368 2472 481 2560 magis,
499 2493 599 2555 quam
612 2475 737 2553 Pboehi
747 2472 907 2557 Delphica
916 2473 1030 2535 laurus

143 2573 298 2640 Terribili
312 2575 435 2658 sonitu,
447 2577 580 2639 flamma
593 2577 787 2661 crepitante,
801 2574 973 2641 crematur.

178 2681 347 2763 Denique,
362 2701 459 2764 saepe
471 2679 540 2767 geli
550 2684 672 2746 multus
683 2683 811 2769 fragor,
824 2693 923 2764 atque
937 2679 1034 2743 ruins

142 2784 334 2866 Grandinis,
345 2785 382 2847 in
395 2785 523 2871 magnis
534 2784 678 2848 sonitum
689 2789 745 2848 dat
754 2786 898 2874 nubibus
908 2786 982 2847 alte.

141 2890 266 2954 Ventus
276 2889 364 2951 enim
378 2909 480 2970 quom
495 2888 668 2970 conferrit,
680 2889 894 2976 franguntur,
903 2887 940 2950 in
952 2897 1080 2951 arctum
1093 2880 1112 2891 ”

140 2995 307 3076 Concrcti,
320 3004 448 3059 montes
457 2992 648 3057 nimborum
659 3003 691 3056 et
699 2992 860 3079 grandine
870 2993 982 3057 mixta.

178 3096 288 3183 Fulgit
302 3096 379 3159 item
387 3143 398 3178 ,
407 3098 513 3160 nubes
521 3095 609 3183 ignis
621 3115 720 3177 quom
732 3096 858 3160 semina
872 3099 976 3161 multa

136 3204 314 3265 Excussere
327 3220 389 3266 suo
405 3220 580 3284 concursu,
593 3222 652 3265 ceu
669 3202 813 3286 lapidem
828 3202 857 3268 si

136 3307 302 3371 Percutiat
315 3306 414 3392 lepis,
429 3319 487 3371 aut
500 3308 639 3374 ferrum:
658 3330 737 3372 nam
750 3321 820 3372 tum
831 3330 962 3391 quoque
972 3311 1086 3373 lumen

136 3411 269 3494 Exsilit,
282 3422 315 3476 et
330 3416 433 3477 claras
444 3415 600 3480 scintillas
614 3416 760 3500 dissupat
773 3418 867 3504 ignis.

173 3519 240 3582 Sed
253 3518 411 3582 tonitrum
424 3518 461 3581 fit
474 3521 522 3582 uti
538 3531 611 3603 post
623 3523 759 3585 auribus
770 3524 980 3612 accipiamus,

136 3622 382 3709 Fulgerequam
394 3635 528 3688 cernant
542 3626 646 3707 oculi,
658 3626 736 3706 quia
751 3646 879 3708 semper
892 3628 933 3688 ad
949 3623 1056 3688 aureis
1099 3645 1101 3648 ⁴

136 3732 274 3797 Tardius
283 3734 478 3819 adveniunt,
492 3755 593 3818 quam
603 3734 709 3803 visum
713 3779 724 3818 ,
737 3753 822 3816 quae
831 3743 1000 3817 moveant,
1013 3752 1074 3796 res.
