2550 4726
167 345 224 425 ηε
309 309 428 404 Ἴως
456 341 652 402 uenum·
675 337 892 400 NATURA
959 357 991 398 v.
1013 341 1077 421 4⁶9·
1106 375 1111 383 -
1142 420 1144 433 ἱ

164 461 309 562 Cornore
321 442 474 542 concreto
487 476 706 542 circumdatus
720 478 887 560 undique,
901 477 1035 563 saepsit„

164 584 219 665 Et,
235 584 301 645 late
313 578 450 646 diffusus
462 581 498 644 in
510 581 637 644 omneis
652 581 800 663 undique
814 580 953 666 parteis,

165 685 286 748 Omnia
296 683 343 750 sic
356 684 454 749 avido
469 685 644 767 complexu
658 694 767 748 cetera
778 684 907 767 saepsit.

205 797 306 857 Hunc
321 793 454 857 exordia
467 804 545 857 sunt
554 794 632 860 solis
649 796 813 876 lunaeque
826 804 955 876 secuta,
973 801 1008 857 et

164 901 255 962 Inter
268 908 420 979 utrasque
429 896 524 985 globi
538 917 681 979 quorum
699 909 875 977 vortuntur
890 899 927 960 in
941 898 1046 961 auris:

165 1007 259 1088 Quae
269 1024 377 1084 neque
387 1013 472 1067 terra
482 1002 696 1086 sibiadscivit,
704 1025 765 1067 nec
773 1010 947 1066 maxumus
954 1004 1078 1080 aetber3

165 1110 265 1192 Quod
273 1128 379 1189 neque
388 1115 456 1170 tam
462 1107 587 1171 fuerint
596 1107 933 1194 gravia,utdepressa
941 1109 1094 1189 sederent,

164 1216 231 1277 Nec
240 1212 343 1296 levia,
353 1222 390 1276 ut
399 1221 531 1296 possent
539 1235 599 1297 per
608 1235 751 1279 summas
761 1214 867 1278 labier
875 1234 967 1293 oras3

165 1321 206 1383 Et
217 1329 327 1383 tamen
336 1318 589 1401 interutrasque
601 1317 749 1400 itnsunt,
763 1328 801 1382 ut
813 1316 1041 1402 corporaviva

159 1431 323 1510 uorsent,
336 1437 368 1490 et
381 1437 490 1510 partes
506 1436 543 1488 ut
558 1425 677 1490 mundi
691 1425 790 1489 totius
805 1433 942 1501 exstent.

166 1535 267 1618 Quod
279 1552 383 1618 genus
393 1530 431 1593 in
444 1529 539 1595 nobis
551 1533 715 1611 quaedam
725 1529 802 1593 licet
813 1529 850 1592 in
863 1528 1004 1593 statione

163 1637 318 1718 Membra
333 1653 484 1716 manere,
499 1641 609 1696 tamen
625 1652 728 1714 quom
734 1631 805 1696 'sint
818 1652 874 1714 ea,
892 1650 979 1713 quae

540 1752 544 1757 ’
693 1749 902 1804 moveantur.

206 1844 269 1911 His
277 1844 379 1933 igitur
393 1846 492 1909 rebus
499 1844 660 1927 retractis,
678 1853 764 1907 terra
776 1855 930 1928 repente,

166 1955 340 2037 Maxuma,
352 1971 418 2034 qua
430 1973 521 2015 nunc
531 1972 567 2017 se
577 1952 673 2036 ponti
686 1956 786 2041 plaga
801 1955 934 2018 caerula
947 1952 1060 2034 tendit,

167 2059 326 2144 Succidit‚
341 2071 374 2123 et
383 2061 468 2124 salso
482 2054 620 2123 suffodit
632 2059 762 2148 gurgite
773 2062 890 2125 fossas:
1060 2057 1104 2134 483

167 2167 273 2247 Inque
282 2164 352 2229 dics
364 2174 489 2247 quanto
502 2162 627 2228 circum
636 2166 742 2251 magis
750 2165 892 2231 aetheris
906 2154 1029 2248 aestus,
1104 2232 1107 2241 ,

168 2282 209 2344 Et
223 2279 309 2345 radii
320 2278 398 2343 solis
410 2279 571 2364 cogebant
583 2274 732 2357 undique
746 2286 869 2340 terram

168 2385 369 2454 Verberibus
383 2384 522 2466 crebris,
538 2394 684 2448 extrema
696 2387 740 2446 ad
749 2383 868 2446 limina
882 2392 1045 2467 apertam,

169 2495 209 2554 In
221 2490 333 2554 medio
341 2500 392 2572 ut,
406 2491 579 2573 propulsa,
590 2508 650 2551 suo
664 2490 829 2552 condensa
843 2488 962 2568 coiret3

169 2603 252 2662 Tam
267 2600 371 2684 magis
382 2617 552 2680 expressus
562 2599 668 2660 salsus·
677 2598 720 2660 dc
732 2617 871 2680 corpore
887 2601 992 2661 sudor

135 2725 137 2730 ·
169 2706 321 2791 Augebat
332 2723 423 2766 mare
436 2702 619 2784 manando,
637 2720 835 2788 camposque
847 2704 1026 2770 natanteis:

169 2816 210 2876 Et
223 2823 314 2876 tanto
325 2810 429 2898 magis
440 2811 511 2892 iila,
527 2811 616 2873 foras
629 2812 756 2893 elapsa,
772 2813 932 2875 volabant

172 2923 320 3002 Corpora
336 2919 441 2980 multa
455 2915 603 2999 vaporis,
615 2926 648 2979 et
658 2917 758 2994 abris3
773 2920 905 3000 altaque
920 2918 1006 2982 coeli

170 3024 361 3087 Densabant
370 3020 487 3105 procul
500 3041 521 3083 a
530 3019 624 3083 terris
633 3021 795 3106 fulgentia
807 3025 950 3106 templa:

172 3130 328 3195 sidebant
342 3128 466 3211 campi,
481 3129 668 3190 crescebant
684 3128 853 3194 montibus
864 3129 941 3193 altis

170 3235 343 3297 Ascensus:
362 3228 575 3310 nequeenim
591 3240 744 3312 poterant
755 3231 925 3295 subsidere
938 3253 1032 3317 saxa,

171 3340 239 3402 Nec
249 3336 371 3420 pariter
385 3336 578 3397 tantundem
589 3353 704 3397 omnes
716 3339 930 3400 succumbere
944 3349 1060 3421 partes·

171 3444 224 3507 Sic
238 3443 340 3530 igitur
353 3453 475 3522 terrae,
490 3449 644 3502 concreto
656 3459 809 3522 corpore,
822 3444 953 3524 pondus
1053 3481 1055 3485 ·
1099 3465 1105 3476 ·

173 3546 339 3629 Constitit,
354 3555 453 3625 atque
468 3543 577 3608 omnis
590 3542 708 3607 mundi
719 3546 812 3627 quasi
821 3546 921 3608 limus
937 3547 975 3609 in
984 3545 1084 3610 imum

173 3654 338 3720 Confluxit
347 3653 473 3742 gravis,
486 3661 520 3716 'et
535 3653 680 3716 subsedit
696 3652 857 3735 funditus,
874 3653 1008 3717 utfaex.

213 3761 295 3826 Inde
304 3780 409 3844 mare,
420 3759 501 3826 inde
510 3763 583 3842 a'er,
596 3758 674 3823 inde
694 3761 807 3824 aether
821 3757 943 3846 ignifer
954 3757 1039 3844 ipse,
