2550 4726
156 293 212 355 m
362 280 430 352 oc
455 286 642 353 nonunt
669 285 880 349 reruni
911 264 916 271 ’
954 301 987 346 v.
1010 282 1076 347 1⁶2

153 427 279 494 Tactile
296 427 344 494 nil
363 427 458 495 nobis
471 428 562 509 quod
575 425 630 509 eit,
651 424 845 512 contingere
857 425 992 493 denec:
1014 486 1018 491 .
1056 464 1063 487 -.

154 541 306 627 Tangere
317 536 407 600 enim
416 556 485 599 non
499 533 588 615 quit,
601 534 630 597 si
640 531 732 618 tangi
743 551 811 594 nou
824 529 903 594 licet
915 529 1043 616 ipsum,

148 644 264 725 Quare
276 642 375 705 etiam
386 644 478 707 sedes
489 661 623 723 quoque
635 639 754 703 nostris
764 638 898 703 sedibus
907 658 979 703 ense
1084 688 1090 699 .

132 787 135 794 ‹
152 745 335 810 Dissimiles
347 748 481 827 debent,
498 755 630 825 tenues,
647 746 689 806 dc
702 764 840 827 corpore
855 762 985 807 eorum·

153 855 247 938 Quae
262 853 320 916 tibi
337 851 498 936 posterius
510 855 605 938 largo
622 871 776 915 sermone
790 852 955 933 probabo.

194 956 311 1021 Dicere
324 977 439 1042 porro,
456 957 633 1020 hominum
644 976 742 1041 causa
752 955 896 1019 voluisse
907 975 1028 1039 parere

27 1118 31 1123 .
153 1060 358 1123 Praeclaram
373 1058 491 1120 muudi
505 1068 931 1142 naturam,proptereaque
967 1134 970 1139 Ι

152 1162 362 1231 Allaudabile
375 1183 460 1247 opus
475 1164 599 1229 Divom
613 1156 752 1230 laudare
763 1167 897 1247 decere,

151 1272 398 1353 Aeternumque
412 1283 641 1357 putarentque
655 1272 844 1337 immortale
860 1271 1031 1354 futurum,

152 1380 220 1441 Nec
234 1378 282 1441 fas
292 1400 377 1461 csse,
393 1378 502 1453 Derim
515 1383 607 1462 qood
621 1380 664 1444 sit
674 1381 803 1445 ratione
816 1389 945 1445 vetuste

153 1485 314 1560 Gentibus
324 1489 481 1553 humanis
493 1488 667 1554 fundatum
681 1494 978 1572 perpetuoccr'o,.
1038 1498 1043 1513 '
1145 1516 1152 1535 ·

153 1590 920 1675 Sollicitaresuisulleriexsedibusunquam,
1143 1592 1151 1621 ²

102 1718 111 1727 ·
152 1698 221 1759 Nec
232 1699 534 1777 verbis‘vexure‚et
548 1700 591 1761 ab
605 1697 674 1763 imo
685 1708 835 1763 evortere
844 1716 997 1775 summe
1037 1752 1040 1757 .
1152 1721 1157 1728 ·

153 1805 453 1889 Ceteradegcnere
464 1803 722 1892 hoerdingen,
735 1816 767 1869 et
778 1807 920 1888 addere,
931 1805 1093 1888 Memmi,
1140 1808 1151 1861 l

153 1905 311 1990 Desipere
321 1920 383 1973 est:
401 1910 483 1991 quid
491 1910 582 1975 >enim
593 1896 836 1977 immortalibus
845 1921 945 1993 atque
953 1910 1061 1977 beatu
1142 1932 1146 1947 ¹

153 2014 268 2076 Gratia
279 2023 391 2077 nostra
405 2027 504 2096 queat
513 2014 669 2102 largirier
682 2015 917 2097 emolumenti,
1060 2018 1148 2092 167:

152 2125 197 2186 Ut
208 2134 319 2189 nostra
332 2126 516 2207 quidquam
532 2144 631 2190 ceusu
644 2147 760 2213 gerere
770 2124 1063 2212 adgrediantnril.--

153 2229 285 2313 Quidve
294 2232 374 2308 novi
385 2233 495 2315 potuit
506 2240 600 2298 tanto
612 2243 685 2324 post
701 2242 777 2296 ante
794 2231 924 2312 quietos
1068 2216 1075 2223 ⁵

153 2335 307 2418 Inlicere3
325 2349 361 2400 ut
376 2350 533 2421 cuperent
548 2338 653 2402 vitant
666 2348 796 2402 mutare
807 2337 989 2420 prioreml‘f
1006 2404 1009 2409 ,

154 2441 238 2501 Nam
251 2445 396 2526 gaudere
405 2444 500 2508 novis
516 2447 616 2508 rebus
627 2445 748 2507 debere
759 2441 939 2527 videtur,i-·
984 2491 986 2494 ι
1065 2508 1069 2517 ,
1137 2462 1141 2471 “

155 2545 246 2626 Quoi
264 2557 391 2610 veteres
407 2552 540 2626 obsunt3
557 2552 632 2630 sed,
645 2549 727 2628 quoi
744 2547 793 2612 nil
806 2547 927 2613 eccidit
939 2549 1033 2636 aegri

155 2651 320 2729 Tempore
331 2649 367 2711 in
379 2659 545 2732 anteacto,
556 2672 658 2732 quom
673 2653 811 2735 pulchre
825 2655 960 2738 degeret
970 2672 1107 2733 aevom,

156 2755 246 2840 Quid
257 2757 364 2838 potuit
374 2759 529 2823 novitatis
538 2760 686 2823 amorem
698 2763 879 2824 accendere
890 2761 974 2824 tali?
990 2826 998 2834 ,,

155 2869 225 2944 ΑΒ,
238 2867 352 2947 credo,
361 2866 398 2929 in
408 2865 550 2956 tenebris
560 2868 679 2931 vitane
692 2888 843 2932 moerore
856 2868 1005 2954 iacebat,

154 2972 270 3032 Donec
282 2970 402 3033 diluxit
411 2992 523 3035 rerum
538 2972 693 3058 genitalis
706 2973 826 3060 origo?
935 2998 948 3024 -·

156 3070 288 3159 Quidve
299 3074 380 3135 mali
394 3075 502 3139 fueret
513 3076 610 3140 nobis
624 3097 693 3141 non
710 3098 778 3141 esse
790 3075 928 3141 creatis?

156 3180 258 3241 Natus
271 3178 360 3242 enirn
370 3181 482 3260 debet,
494 3180 685 3262 quicunque
697 3193 759 3263 cet,
771 3183 858 3245 velle
868 3202 1007 3260 manere

155 3286 195 3348 Iu
206 3285 291 3365 vita,
306 3287 412 3347 donec
425 3285 579 3347 retinebit
592 3288 714 3351 blanda
727 3289 898 3369 voluptas:

156 3392 223 3474 Qui
239 3392 412 3471 nunquam
421 3376 930 3477 vemvitae'gustavitamoren‚
992 3434 995 3439 ι

158 3496 225 3558 Nec
236 3494 296 3557 fuit
309 3494 345 3556 in
356 3513 511 3576 numero,
525 3494 608 3577 quid
617 3498 711 3560 obest
723 3516 792 3595 non
802 3499 1051 3564 mereatum?
1105 3503 1108 3509 '

60 3588 69 3605 '
200 3601 395 3696 Exemplum
410 3621 513 3687 porro
527 3600 708 3689 gignundis
722 3604 834 3683 rebus,
851 3601 970 3702 etipsa-

159 3704 297 3770 Notities
309 3708 486 3807 hominum
498 3699 559 3775 Dis
571 3710 661 3774 unde
670 3709 1034 3796 esttnsioprtmum„
