2550 4726
147 379 188 443 62
357 377 425 441 DE
452 375 645 439 RERUM
672 375 889 439 NATURA
941 396 974 436 v.
995 374 1066 437 625.

185 520 273 606 Ergo
287 538 388 600 quom
405 519 551 602 primurn
563 566 571 596 ,
583 536 718 603 magnas
732 515 861 580 invecta
877 535 937 598 per
948 514 1078 604 urbeis,

65 663 68 667 ⁴
145 624 318 691 Munificat
331 623 429 688 tacita
442 623 608 686 mortaleis
627 633 719 686 muta
732 623 856 686 salute:
899 660 903 669 ι

145 735 231 803 Aere
244 744 342 813 atque
360 741 496 818 argento
514 740 664 792 sternunt
676 728 738 791 iter
757 748 857 790 omne
875 725 1021 811 viarum,

145 834 572 923 Largificastipeditantes3
590 834 799 919 ninguntque
811 851 963 896 rosarum

146 939 312 1017 Floribus,
328 941 517 1002 umbrantes
535 940 673 1000 Matrem
689 937 914 1017 comitumque
925 946 1106 1003 catervam

146 1040 211 1107 Hic
225 1045 349 1101 armata
359 1058 480 1107 ¹manus
489 1086 499 1120 ,
518 1043 653 1101 Curetas
669 1037 807 1102 nomine
818 1039 937 1102 Graeci

147 1149 238 1231 Quos
251 1155 436 1210 memorant
453 1145 632 1231 Phrygios,
651 1144 739 1208 inter
750 1165 785 1208 se
799 1145 883 1207 sorte
901 1153 1033 1211 catenae
1096 1180 1105 1199 ·

146 1252 296 1332 Ludunt,
310 1251 344 1313 in
356 1270 596 1330 numerumque
609 1251 787 1332 exsultant,
798 1250 959 1336 sanguine
977 1245 1065 1314 tletie
1099 1286 1105 1295 ·

146 1355 320 1422 Terrifices
329 1355 473 1439 capitum
489 1355 671 1436 quatientes
687 1356 825 1419 numine
842 1357 971 1419 cristas:
1081 1378 1084 1383 ·

147 1462 298 1527 Dictaeos
314 1463 460 1524 referunt
474 1463 627 1543 Curetas,
648 1461 707 1542 qui
721 1463 810 1526 lovis
823 1464 921 1525 illum

109 1604 112 1610 ,
147 1568 305 1655 Vagitum
320 1567 356 1628 in
371 1568 467 1628 Creta
483 1566 653 1646 quondam
667 1567 846 1629 occultasse
862 1567 1030 1647 feruntur3

147 1672 258 1754 Quom
272 1669 369 1751 pueri
379 1666 504 1729 circum
522 1688 665 1750 puerum
681 1668 815 1750 pernice
833 1671 991 1751 chorea,'

147 1774 288 1856 Armati,
310 1774 347 1835 in
359 1793 536 1835 numerum
553 1775 723 1856 pulsarent
735 1775 867 1838 aeribus
884 1794 960 1837 aera
969 1820 981 1857 ,

148 1881 197 1942 Ne
206 1879 364 1940 Saturnus
378 1898 454 1939 eum
472 1877 570 1941 malis
584 1879 755 1943 mandaret
771 1882 925 1963 adeptus,

75 2039 77 2044 .
106 2006 109 2013 ’
148 1988 392 2067 Aeternumque
406 1984 499 2046 daret
513 1986 612 2048 matri
622 1989 684 2049 sub
702 1999 835 2069 pectore
848 1987 978 2048 volnus.
1046 1989 1107 2070 ⁶39

83 2114 85 2119 ’
116 2102 122 2111 ’
148 2094 325 2179 Propterea
337 2114 491 2182 magnam
504 2097 624 2159 armati
632 2100 773 2160 Matrem
784 2096 1001 2161 comitantur:

149 2201 229 2280 Aut,
246 2198 648 2285 quiasignificantDivam
663 2201 867 2284 praedicere,
885 2209 922 2281 ut
937 2199 1040 2264 armis

148 2294 195 2369 A'c
207 2307 326 2371 virtute
339 2308 441 2370 velint
456 2296 790 2390 patriam‘defendere
808 2318 950 2386 terram

149 2412 383 2493 Praesidioque
400 2423 517 2496 parent
528 2413 705 2494 decorique
720 2414 911 2497 parentibus
928 2435 1006 2478 esse.
1027 2452 1029 2456 ·

191 2515 300 2597 Quae,
317 2514 403 2576 bene
414 2523 445 2576 et
458 2513 578 2577 eximie
592 2514 743 2595 quamvis
759 2515 903 2599 disposta
914 2520 1084 2603 ferantur,

150 2617 264 2702 Longe
278 2626 353 2679 sunt
369 2628 478 2681 tamen
494 2639 514 2680 a
533 2641 612 2683 vera
629 2621 759 2685 ratione
776 2627 921 2705 repulsa.

151 2719 270 2783 Omnis
285 2721 373 2784 enim
388 2744 492 2804 perse
503 2724 625 2787 Divom
640 2736 757 2788 natura
775 2749 905 2794 necesse
921 2738 969 2796 est

149 2830 335 2894 Immortali
352 2852 434 2896 aevo
450 2854 578 2896 summa
590 2856 665 2897 cum
677 2857 758 2918 pace
772 2837 914 2924 fruatur,

2 2996 10 3015 ,
152 2937 311 2998 Semotaa
326 2935 443 3001 nostris
456 2940 572 3020 rebus,
589 2939 801 3021 seiunctaque
813 2944 924 3030 longe.
947 2958 948 2962 ’
1049 3008 1052 3015 ,

151 3042 236 3102 Nam
250 3041 379 3124 privata
396 3044 510 3106 dolore
525 3043 633 3125 omui,
651 3043 780 3126 privata
798 3044 952 3130 periclis,

151 3135 231 3227 lpsa'
239 3145 305 3208 suis
318 3147 448 3228 pollens
463 3148 597 3230 opibus,
612 3147 698 3210 nihil
715 3149 830 3237 indiga
851 3153 969 3235 nostri,

152 3255 220 3317 Nec
236 3256 318 3315 bene
333 3254 521 3335 promeritis
534 3255 682 3337 capitur,
698 3276 760 3320 nec
774 3261 920 3345 tangitur
935 3260 996 3323 ira.

193 3360 297 3422 Terre
313 3359 446 3439 quidem
464 3380 542 3422 vero
561 3372 650 3425 caret
662 3360 760 3425 omni
772 3373 920 3448 tempore
932 3386 1052 3443 sensu3
1087 3413 1090 3418 -

154 3464 233 3543 Sed,
249 3462 328 3558 quia
340 3465 521 3525 multarum
540 3462 666 3545 potitur
682 3465 865 3548 primordia
881 3491 1014 3552 rerum,

154 3568 261 3628 Multa
280 3567 385 3630 modis
401 3568 511 3631 multis
524 3565 618 3631 effert
636 3569 672 3632 in
686 3571 814 3634 lumina
828 3574 915 3636 solis.

154 3665 220 3727 Hic
232 3667 260 3727 si
273 3669 346 3746 quis
360 3688 451 3732 mare
465 3672 672 3751 Neptunum,
692 3674 910 3753 Cereremque
926 3693 1048 3739 vocare

156 3771 339 3834 constituet
354 3774 484 3861 fruges,
498 3783 531 3840 et
545 3774 663 3840 Bacchi
678 3776 815 3841 nomine
833 3776 926 3841 abuti
993 3843 996 3848 ,
1039 3799 1040 3802 ’
