2550 4726
385 338 587 402 mnus
626 336 692 404 vr.
732 355 766 400 v.
787 300 875 414 urs.
1046 348 1104 413 ac

143 480 478 571 Etdupliceisoculos
488 474 612 544 suffusa
627 479 701 542 luce
716 476 894 542 rubentcis.

144 576 422 657 Sudabantetiam
431 589 560 671 fauces,
572 585 768 649 intrinsecus
780 592 888 667 atrae,

145 695 329 782 Sanguine,
341 704 375 759 et
382 682 549 759 ulceribus
558 691 649 758 vocis
661 690 716 755 via
732 699 843 774 saepta
852 686 977 772 coibat;

143 805 383 887 Atque,animi
395 804 572 889 interpres,
587 803 1015 890 manabatlinguacruorc,
1115 832 1118 838 ·

144 907 322 972 Debilitata
334 908 447 990 malis,
457 918 549 972 motu
564 908 692 997 graiis,
702 927 819 992 aspera
833 914 930 969 tactu.

180 1012 282 1093 Inde,
292 1010 352 1075 ubi
362 1033 422 1094 per
435 1010 558 1076 fauceis
569 1019 684 1095 peetus
699 1012 897 1094 complerat,
910 1016 943 1071 et
952 1005 1064 1092 ipsum

142 1116 299 1183 Morbida
308 1117 404 1182 visin
416 1138 474 1182 cor
484 1118 645 1183 maestum
657 1121 859 1183 confluxerat
872 1114 995 1202 aegris3
1101 1195 1105 1201 .
1122 1109 1124 1112 ’

135 1204 268 1284 'Omnia
281 1231 353 1285 tum
362 1243 443 1288 vero
452 1222 533 1288 vitai
542 1227 683 1290 claustra
694 1226 861 1289 lababant.

179 1323 323 1407 Spiritus
333 1345 391 1390 ore
405 1328 494 1393 foras
509 1337 649 1393 taetrum
657 1329 812 1392 volvebat
823 1328 983 1408 odorem,

134 1424 294 1495 Baucida
306 1449 374 1511 quo
389 1433 542 1514 perolent
550 1431 697 1516 proiecta
707 1432 872 1505 ‚cadavera
884 1427 979 1510 ritu,

135 1533 365 1613 Atqueanimi
376 1554 529 1617 prorsum
538 1535 625 1601 vires
639 1536 755 1618 totius,
767 1544 800 1599 et
814 1553 916 1597 omne

134 1637 481 1727 Languebatcorpus,
498 1642 556 1706 leti
565 1643 633 1706 iam
643 1643 758 1707 limine
768 1642 805 1704 in
816 1643 904 1724 ipso:

135 1734 476 1826 molerabilibusque
486 1746 583 1809 malis
594 1755 665 1810 erat
675 1747 792 1817 anxius
804 1763 911 1832 angor

135 1846 280 1913 residue
293 1869 416 1933 comes,
427 1861 458 1912 et
468 1850 593 1938 gemitu
608 1853 788 1916 commixta
798 1853 948 1933 querela:

136 1948 381 2036 singultusque
389 1937 544 2035 frequens
554 1965 686 2019 noctem
694 1975 875 2038 persaepe,
893 1955 1065 2040 diemque,
1140 2026 1153 2039 ‚

139 2055 328 2140 Conripere
341 2059 469 2124 assidue
484 2081 603 2126 nervos
616 2071 649 2125 et
662 2064 813 2126 membra
824 2070 995 2144 coactans,
1027 2063 1105 2123 noo
1134 2041 1138 2047 ’

138 2155 350 2223 Dissolvcbat
359 2182 434 2246 eos,
446 2162 589 2227 defessos
602 2172 678 2227 ante
692 2163 845 2249 fatigans.

183 2267 252 2329 Nec
264 2268 371 2332 nimio
386 2270 568 2352 quoiquam
578 2291 689 2355 pomos
701 2273 821 2336 ardore
835 2271 921 2336 tueri
990 2324 995 2332 .

143 2369 301 2452 Corporis
310 2371 347 2434 in
360 2393 491 2437 summo
506 2394 670 2438 summam
685 2375 866 2439 fervescere
876 2381 1024 2477 pprtem3
1105 2365 1114 2386 ⁸

142 2472 207 2535 Sed
217 2473 328 2555 potius
344 2472 492 2557 tepidum
505 2477 659 2541 manibus
670 2498 857 2562 proponere
872 2487 1014 2559 tactum,

142 2581 183 2643 Et
192 2579 307 2666 simul,
318 2582 484 2647 ulceribus
494 2584 588 2666 quasi
599 2583 845 2669 inustis‚omne
854 2588 976 2650 rubere
1094 2610 1096 2615 ·

144 2688 289 2772 Corpus,
304 2697 342 2751 ut
352 2698 410 2771 est,
420 2710 481 2771 per
493 2692 644 2753 membra
655 2695 748 2754 sacer
757 2710 860 2774 quom
871 2688 996 2754 diditur
1008 2683 1105 2775 ignis·

141 2794 265 2857 Intima
274 2816 351 2878 pars
363 2797 537 2860 hominum
548 2817 628 2859 vero
639 2799 798 2883 flagrabat
810 2799 854 2859 ad
867 2815 954 2874 ossa;

142 2899 320 2986 Flagrabat
331 2903 501 2965 stomacho
513 2903 662 2983 flamma,
673 2911 710 2962 ut
720 2899 925 2983 fornacibus,
935 2899 1042 2964 intus:

142 2988 198 3067 Nil
207 3006 293 3066 adeo
309 3023 420 3086 posses
432 3004 613 3084 quoiquam
622 3005 696 3066 leve
708 3012 874 3083 tenueque
887 3000 1046 3066 membris

143 3111 284 3176 Vortere
295 3111 331 3174 in
344 3112 537 3190 utilitatem
552 3112 596 3175 ad
609 3122 744 3174 ventum
759 3120 790 3173 et
800 3109 925 3198 frigora
934 3128 1084 3192 semper,
1167 3154 1172 3161 -

143 3218 184 3281 In
197 3215 316 3282 fluvios
328 3217 451 3302 partim
464 3218 606 3304 gelidos,
623 3216 774 3280 ardentia
784 3217 903 3278 morbo

143 3328 297 3392 Membra
312 3325 452 3408 dabant,
465 3326 594 3388 nudum
607 3324 764 3388 iacientes
774 3343 893 3407 corpus
906 3323 944 3388 in
957 3323 1073 3393 undat·

144 3432 245 3496 Multi
254 3430 451 3515 praecipites
463 3431 624 3513 nymphis
635 3431 823 3514 putealibus
836 3431 903 3493 alte

144 3541 353 3624 Inciderunt,
363 3542 437 3626 ipso
445 3543 614 3606 venientes
624 3564 682 3606 ore
695 3553 842 3626 patente:

146 3646 376 3711 Insedabiliter
387 3648 458 3712 sitis
473 3650 583 3731 arida,
601 3669 741 3733 corpora
756 3669 924 3731 mersans,

147 3757 318 3840 Aequabat
331 3758 475 3824 multum
488 3755 600 3843 pausis
613 3754 812 3831 humoribus
820 3755 975 3836 imbrem,
1099 3805 1103 3812 -
