2550 4726
167 356 225 420 ιη,
373 343 441 405 na
465 304 658 404 aenou
688 342 901 407 urruns
959 363 993 405 v.
1016 343 1078 417 ns

163 484 315 567 Quorum
328 480 573 563 unumquodvis
588 477 708 543 leviter
722 478 751 543 si
763 459 848 544 forte
860 479 978 564 ciebis,

162 588 253 674 Quin
271 587 381 672 potius
396 586 635 653 noscisrcrum
650 587 828 652 simulacra
838 607 963 676 vagare

161 693 268 755 Multa
286 689 394 757 modis
407 689 537 773 multis,
552 691 647 753 nulla
660 689 711 771 vi,
729 709 884 773 cassaque
898 712 1016 757 sensus

162 797 331 884 [Quorum
345 799 505 880 quantula
521 818 599 882 pars
615 795 657 862 sit
669 797 798 884 imago,
814 797 926 889 dicere
936 809 1086 869 nemoest

160 908 229 994 Qui
240 907 358 991 possit,
373 925 482 989 neque
494 924 569 968 eam
581 903 742 967 rationem
764 904 903 968 reddere
922 905 1048 993 dictis]

200 1015 278 1096 Sed,
290 1033 332 1076 ne
344 1012 429 1105 forte
440 1020 551 1095 putes,
571 1011 757 1087 cademum
765 1012 836 1074 sola
848 1012 981 1099 vagari,

160 1121 385 1206 Quaecunque
397 1120 441 1181 ab
448 1121 547 1183 rebus
555 1132 677 1187 rerum,
684 1114 862 1182 simulacra
873 1121 1045 1201 recedunt3

159 1227 241 1291 Sunt
250 1227 368 1310 etiam,
380 1245 467 1309 quae
478 1235 596 1309 sponte
607 1243 666 1288 sua
678 1220 878 1310 gignuntur,
892 1223 1009 1309 etipsa

29 1304 32 1309 .
134 1393 136 1396 Α
159 1329 411 1395 Constituuntur
421 1329 458 1395 in
470 1333 536 1394 hoc
553 1328 737 1410 coeto,.qui
748 1327 868 1391 dicitur
878 1333 952 1407 αὲη

158 1437 267 1521 Quae,
282 1438 394 1503 multis
403 1438 544 1502 formata
557 1434 683 1516 modis,
698 1433 840 1500 sublime
854 1435 1020 1519 teruntur,
1099 1436 1109 1447 '

158 1543 226 1605 Nec
238 1542 383 1626 speciem
395 1552 524 1604 mutare
539 1559 633 1603 suam
649 1535 809 1619 liquentia
824 1547 968 1621 cessant,

156 1648 198 1708 Et
207 1647 392 1728 quoiusque
404 1645 498 1708 modi
507 1647 690 1708 formarum
703 1651 834 1706 vortere
847 1642 885 1711 in
899 1662 986 1706 oras.

156 1755 201 1814 Ut
213 1753 329 1816 nubeis
345 1752 650 1833 facereinterdum,
667 1769 768 1830 quom
784 1750 977 1815 crescerein
990 1752 1088 1814 altum

157 1858 344 1940 Cernimus,
358 1867 391 1922 et
404 1858 523 1922 mundi
532 1857 677 1940 speciem
687 1853 814 1919 violare
827 1876 998 1940 serenam,
1054 1920 1057 1925 ,

33 2002 43 2019 1
156 1962 242 2026 Aera
254 1961 448 2026 mulcenteis
459 1973 552 2025 motu
563 1984 572 2024 s
584 1982 663 2026 narn
680 1981 779 2044 saepe
798 1961 978 2049 Gigantum

157 2070 226 2132 Ora
238 2071 351 2133 volare
362 2068 535 2150 videntur,
553 2052 586 2130 et
597 2071 750 2134 umbram
762 2066 883 2130 ducere
889 2069 969 2146 late;
1058 2074 1152 2151 ησ-

156 2175 327 2258 Interdum
337 2175 452 2261 magni
469 2184 611 2256 montes,
625 2156 802 2255 avolsaque
812 2193 891 2237 saxa
980 2244 984 2251 ⁴

156 2281 325 2344 Montibus
339 2283 477 2362 anteire,
490 2292 521 2344 et
530 2283 633 2344 solem
644 2282 821 2344 succedere
835 2291 989 2365 proptcr3

155 2387 238 2449 lnde
249 2387 331 2450 alios
342 2391 472 2450 trahere
483 2397 582 2470 atque
592 2387 750 2450 inducere
762 2388 874 2450 bellua
885 2386 1029 2453 nimbos.

194 2494 291 2554 Nunc
303 2512 342 2556 ea
351 2513 452 2575 quam
463 2493 554 2557 facili
563 2505 594 2557 et
608 2493 709 2560 celeri
725 2492 854 2557 ratione
867 2504 1041 2580 gerantur,

154 2601 381 2679 Perpetuoque
391 2600 495 2659 fluant
506 2600 549 2659 ab
558 2602 674 2680 rebus,
692 2601 850 2682 lapsaque
860 2603 990 2664 cedant.

155 2701 292 2781 Semper
308 2698 398 2761 enim
415 2719 582 2762 summum
602 2700 766 2783 quidquid
781 2704 822 2766 de
838 2707 935 2768 rebus
951 2709 1116 2792 abundat,

155 2808 254 2890 Quod
262 2804 462 2883 iaculentur3
481 2814 513 2868 et
524 2807 604 2887 hoc,
617 2806 699 2870 alias
713 2829 814 2888 quom
824 2813 977 2892 pervenit
985 2813 1028 2899 ,in
1038 2834 1107 2899 res,

42 2962 46 2969 .
104 2992 109 3003 .
153 2914 300 2996 Transit,
312 2913 395 2976 utin
405 2913 521 2997 primis
529 2926 669 2993 vestem3
691 2919 764 2998 sed,
777 2917 835 2979 ubi
846 2938 962 3002 aspera
975 2940 1078 3003 saxa,

152 3020 219 3082 Aut
232 3018 269 3083 in
284 3018 456 3083 materiem
466 3020 552 3105 ligni
562 3020 731 3103 pervenit,
749 3020 797 3083 ibi
809 3019 878 3084 iam

154 3124 335 3206 Scinditur,
355 3136 392 3186 ut
411 3125 543 3187 nullum
558 3125 771 3189 simulacrum
793 3129 931 3191 reddere
949 3132 1066 3213 possit.

153 3231 195 3291 At
206 3250 324 3311 quom,
340 3231 515 3312 splendida
530 3251 615 3311 quae
628 3242 792 3316 coustant,
809 3247 949 3320 opposta
960 3239 1119 3323 fuemnt,

142 3339 347 3418 'Densaque‚
359 3335 567 3418 utiuprimis
576 3339 747 3420 speculum
762 3349 825 3419 cst3
841 3343 928 3406 nihii
941 3344 1067 3410 accidit

574 3453 577 3458 ’
677 3443 809 3507 horum.
1104 3447 1108 3456 '

153 3545 237 3608 Nam
253 3566 377 3630 neque,
389 3544 439 3609 uti
450 3553 592 3630 vestem,
604 3557 739 3631 possunt
749 3547 905 3631 transire,
915 3570 1028 3632 neque
1039 3557 1119 3621 ante

153 3645 280 3729 Scindi,
296 3671 397 3730 quam
415 3648 568 3714 meminit
586 3652 699 3714 laevor
713 3660 878 3734 praestare
897 3655 1051 3720 salutem.

153 3752 363 3835 Quapropter
377 3754 432 3838 fit,
448 3764 486 3820 ut
499 3757 579 3821 hinc
590 3757 687 3824 nobis
696 3757 870 3825 simulacra
882 3762 1091 3829 redundentr
