2550 4726
270 358 475 423 LIBER
514 360 555 428 V·
595 367 718 427 tuln.
913 379 969 454 ¹7³

10 506 127 577 Posset
138 509 247 593 neque
257 509 415 574 advorsus
427 519 566 575 naturae
577 512 713 578 foedera
729 513 815 578 uiti?

45 617 215 701 Denique,
226 637 296 681 non
306 628 522 681 monumenta
533 615 642 682 virilm
656 619 783 704 dilapsa
792 620 966 691 ridemus?

10 723 175 808 Quaerere
183 741 347 808 proporro
355 721 421 787 sihi
431 743 562 804 cunque
570 744 740 789 senescere
749 727 875 793 credas·
961 740 964 745 '

10 829 79 892 lion
91 850 189 893 ruere
203 830 333 893 avolsos
340 826 665 927 ,sinceramqufibus
675 829 765 913 altis,
797 844 802 849 ·
919 838 933 871 ·‘

10 935 72 999 Nee
80 935 208 998 validas
222 933 296 998 aevi
311 933 410 999 vireis
424 935 588 1018 perferre,
605 935 756 1019 patique,

11 1036 125 1100 Finitii'
140 1057 250 1118 neque
265 1037 355 1101 enirn
369 1038 525 1103 caderent
536 1040 647 1103 avolsa
664 1045 815 1125 repente,

11 1141 193 1205 Erinfinito
205 1164 290 1223 quae
306 1152 454 1227 tempore
464 1146 718 1227 pertolerassent

12 1246 127 1310 Omnia
142 1257 303 1312 tormenta
316 1247 446 1329 aetatis,
461 1248 591 1331 privata
603 1249 745 1335 fragore.

46 1351 209 1436 Denique,
220 1352 289 1416 iam
298 1361 390 1421 tuere
397 1353 463 1416 hoc
473 1352 599 1418 circum
608 1373 793 1439 supraque,
804 1358 896 1437 quod

528 1474 630 1520 omne
708 1520 717 1538 l

11 1553 159 1620 Continet
172 1557 326 1640 amplexu
337 1563 520 1637 terrarum
534 1567 687 1642 procreat
701 1579 741 1623 ex
754 1556 791 1625 se'

10 1656 137 1743 Omnia,
149 1665 238 1744 quod
247 1662 383 1743 quidam
392 1675 591 1750 memorant,
609 1666 793 1751 recipitque
803 1680 963 1753 pemmta:

10 1757 122 1849 'lotum
134 1766 285 1829 nativum
296 1769 429 1833 mortali
439 1789 580 1855 corpore
592 1781 729 1835 constat.

10 1866 101 1955 Nam,
113 1876 334 1955 quodcunque
346 1876 429 1942 alias
440 1899 481 1942 ex
491 1898 527 1943 se
538 1875 699 1965 resanget
710 1881 850 1967 alitque,

10 1971 160 2040 Deminui
170 1981 281 2060 debet,
294 1981 436 2043 recreari
449 2000 552 2060 quom
568 1981 687 2064 recipit
701 2004 765 2047 res.

44 2088 378 2170 Praeterea,sinulla
391 2087 454 2151 luit
466 2086 619 2174 genitalis
632 2086 729 2173 origo
901 2094 959 2157 ars

10 2188 179 2257 Terrarum
193 2202 225 2257 et
242 2191 343 2274 coeli,
356 2212 553 2276 semperque
567 2199 701 2257 aeterna
715 2190 824 2272 fuere3
920 2228 922 2233 ·

10 2298 179 2387 Gnrlsupra
190 2302 318 2365 bellurn
329 2300 541 2381 Thebanum,
556 2307 591 2363 et
601 2299 720 2362 funera
730 2299 867 2385 Troiae,

10 2398 75 2469 Non
83 2404 164 2468 alias
176 2403 233 2466 alii
242 2422 376 2483 quoque
387 2420 439 2475 rea
450 2401 599 2465 cecinere
610 2405 729 2484 poetae
739 2403 755 2466 i

10 2503 77 2588 Quo
86 2516 134 2570 tot
144 2506 229 2567 facta
239 2501 348 2587 sirim
359 2502 453 2566 toties
465 2501 632 2567 cecidere?
645 2522 753 2583 neque
764 2525 919 2590 usquam,

10 2606 147 2674 Aeternis
157 2609 267 2671 famae
275 2609 499 2672 monumentis
511 2608 624 2691 insita,
640 2602 781 2674 florenti

46 2714 185 2798 Verum,
195 2724 232 2777 ut
240 2713 376 2799 opinor,
387 2716 487 2779 habet
499 2713 681 2778 novitatem
692 2735 838 2800 summa,
848 2739 901 2783 re-

527 2840 677 2901 censque-

10 2913 122 2989 Natura
133 2925 253 2989 mundi
266 2933 328 3007 est,
342 2942 451 3006 neque
462 2922 594 3007 pridem
607 2920 744 2985 exordia
757 2923 854 3006 cepit.

10 3025 112 3110 Quare
121 3031 221 3095 etiam
233 3031 398 3111 quaedam
409 3049 500 3092 nunc
513 3037 600 3089 artes
612 3026 841 3112 expoliuntur,

10 3128 94 3207 Nunc
105 3139 203 3205 etiam
214 3146 411 3224 augescunt:
428 3156 518 3205 nune
531 3133 644 3198 addita
657 3132 799 3221 navigiis
810 3143 888 3201 sunt

10 3241 122 3327 llulta3
136 3251 238 3313 modo
247 3247 397 3335 organici
405 3244 541 3311 melleos
551 3264 710 3328 peperere
719 3262 865 3310 sonores.

10 3347 278 3443 lieniquenatura
290 3359 373 3420 haec
383 3374 497 3419 rerum
507 3351 659 3436 ratioque
671 3361 800 3435 reperta
812 3361 861 3418 est

10 3453 127 3543 liuper3
140 3469 175 3525 et
185 3464 285 3542 hanc,
298 3459 425 3542 primus
436 3481 513 3523 cnm
523 3455 640 3541 prImis
652 3457 723 3541 ipse
733 3467 883 3541 repertus

10 3564 93 3630 Nunc
105 3586 168 3654 ego
176 3587 265 3649 sum,
279 3565 316 3628 in
326 3564 448 3649 patrias
459 3564 519 3645 qni
527 3562 650 3646 possim
661 3572 791 3626 vortere
804 3560 924 3626 voceis.

38 3669 177 3755 Quodsi
187 3669 272 3735 lorte
283 3666 383 3733 fuisse
391 3669 531 3731 antehac
543 3667 660 3729 eadem
674 3663 787 3728 omnia
797 3663 916 3749 credie,

10 3775 61 3842 'ed
70 3773 209 3860 periisse
221 3772 397 3841 hominum
409 3768 642 3839 torrentiaecla
654 3786 801 3869 vapore,¹
840 3803 843 3808 -
871 3849 878 3863 Ι
