2550 4726
181 337 239 400 ns
376 337 457 400 'DE
482 334 910 404 uersum-NATURA
969 348 1104 413 mot.¹

177 477 261 537 Tam
272 482 398 557 tenues,
409 493 511 556 quem
518 484 595 539 sum
604 476 764 557 nebulae,
777 472 927 556 fumique
942 476 1097 542 volantes·

176 578 259 642 Nam
274 580 389 641 cadere
399 586 457 641 aut
466 580 564 641 bruto
577 579 735 641 deberent
745 580 891 660 pondere
903 598 1051 663 pressae,

176 683 219 742 Ut
231 681 372 765 lapidem
386 691 458 763 aut,
470 692 506 744 ut
519 681 647 763 lumus,
660 691 810 745 constare
825 681 1018 764 nequirent,

174 788 242 850 Nec
255 785 409 853 cohibere
417 783 522 849 niveis
530 782 672 871 gelidas,
682 794 716 848 et
725 785 897 872 grandinis
906 783 1052 849 imbreis.

213 893 301 954 Dant
314 890 413 957 etiam
425 891 569 955 sonitum
583 889 689 973 patuli
697 912 796 975 super
812 911 958 973 aequora
968 889 1100 976 muudi,

48 1008 53 1019 “
173 998 334 1061 Carbasus
344 1007 380 1061 ut
389 999 576 1079 quondum,
589 997 716 1083 magnis
728 997 854 1061 intenta
868 997 1020 1081 theatris,

172 1106 235 1166 Dat
250 1105 427 1188 crepitum,
446 1107 551 1167 malos
564 1105 651 1169 inter
663 1105 781 1169 iactata
795 1105 1001 1187 trabeisque:

168 1207 339 1271 Interdum
353 1207 510 1291 perscissa
521 1207 603 1271 furis
618 1208 840 1291 petulantibus
852 1206 943 1271 auris
951 1253 962 1289 ,

169 1317 210 1378 Et
227 1314 372 1402 fragileis
381 1315 508 1383 sonitus
522 1318 711 1393 &artuum
726 1312 995 1390 commeditaturs

168 1421 208 1483 Id
220 1440 352 1504 quoque
367 1421 457 1487 enim
468 1443 573 1508 genus
584 1420 621 1486 in
635 1423 759 1485 tonitru
772 1437 969 1507 cognoscere
981 1416 1098 1501 possiet

168 1529 247 1608 Aut,
263 1527 322 1591 ubi
330 1549 520 1612 suspensam
530 1537 669 1610 vestem,
681 1531 851 1593 chartasve
860 1524 1041 1606 volenteis,

168 1635 371 1701 Verberibus
384 1634 475 1699 renti
490 1644 638 1715 vorsant,
656 1635 887 1719 planguntque
894 1651 954 1713 per
963 1648 1068 1695 auras·

206 1737 257 1800 Fit
265 1756 396 1819 quoque
403 1737 494 1803 enim
503 1737 881 1820 interdurn,utnontam
890 1754 1086 1805 concurrere

691 1845 797 1907 nubes

166 1945 342 2011 Frontibus
354 1944 502 2011 advorsis
514 1943 657 2029 possint,
665 1966 764 2028 quam
778 1948 820 2011 dc
831 1948 934 2025 latere
943 1943 1013 2030 ire,

49 2044 52 2049 ’
166 2050 308 2115 Diverso
320 2061 412 2115 motu
426 2054 577 2119 radentes
591 2072 730 2134 corporo
744 2050 890 2115 tractim:
1001 2080 1004 2087 ·
1059 2048 1106 2113 118

165 2153 285 2218 Aridus
300 2156 388 2218 unde
404 2155 513 2221 aureis
528 2162 631 2241 terget
644 2173 744 2218 sonus
758 2153 831 2232 ille,
844 2150 969 2233 diuque

163 2259 315 2339 Ducitur,
327 2259 443 2324 exierit
455 2262 560 2324 donec
569 2260 759 2348 regionibus
772 2258 881 2321 arctis.

205 2366 278 2426 Hoc
290 2363 388 2427 etiam
404 2374 501 2448 pacto
516 2363 641 2427 tonitru
660 2381 814 2425 concussa
830 2361 994 2425 videntur

164 2466 286 2528 Omnia
296 2487 394 2551 saepe
406 2467 501 2554 gravi
515 2477 668 2547 tremere,
682 2475 714 2529 et
724 2465 850 2529 divolsa
863 2473 1002 2547 repente
1068 2506 1071 2511 -

160 2574 318 2639 Maxuma
332 2572 507 2635 dissiluisse
526 2569 653 2653 capacis
664 2568 942 2646 moeniamundi3

160 2675 271 2757 Quom
281 2674 389 2738 subito
401 2675 505 2737 validi
516 2676 606 2738 venti
616 2678 762 2739 conlecta
777 2675 925 2760 procella

159 2777 311 2843 Nubibus
323 2779 452 2844 intorsit
466 2801 550 2861 sese,
564 2783 782 2864 conclusaque
798 2781 942 2862 ibidem,

158 2882 305 2946 Turbine
318 2895 471 2948 vorsante
484 2882 590 2968 magis
604 2902 643 2947 ac
657 2884 764 2971 magis
775 2883 923 2964 undique
936 2883 1068 2964 nubem,

155 2987 270 3074 Cogit,
286 2987 335 3051 uti
347 2987 405 3051 fiat
418 2987 521 3072 spisso
535 3008 615 3052 cara
629 3009 766 3072 corpore
778 2987 912 3052 circum.

160 3095 253 3173 Post,
267 3092 326 3156 ubi
339 3093 518 3157 commovit
529 3094 578 3157 vis
588 3093 657 3158 eius
666 3105 698 3157 et
710 3093 851 3178 impetus
861 3115 953 3175 acer,
1046 3132 1051 3143 ι

155 3200 242 3262 Tum
254 3200 490 3284 perterricrepo
503 3201 613 3264 sonitu
626 3202 682 3265 dat
700 3201 798 3266 missa
811 3203 989 3289 fragorem.

156 3305 224 3368 Nec
236 3304 374 3381 mirum3
388 3325 488 3387 quom
503 3305 603 3387 plena
611 3306 741 3369 animae
753 3306 896 3369 vesicula
911 3327 1016 3389 parva

155 3413 258 3495 Saepe
267 3410 313 3476 ita
325 3412 379 3475 dat
388 3432 546 3497 magnum
557 3412 719 3496 sonitum,
732 3413 874 3497 displosa
884 3427 1029 3498 repente.

196 3517 251 3577 Est
261 3514 360 3578 etiam
370 3515 469 3597 ratio,
482 3535 585 3598 quom
597 3515 688 3579 venti
704 3516 820 3580 nubila
831 3521 988 3602 perflant,

155 3622 200 3682 Ut
214 3622 338 3704 sonitus
352 3622 490 3688 faciant:
507 3622 629 3686 etenim
643 3644 772 3688 ramosa
785 3624 936 3690 videmus

153 3723 276 3788 Nubila
288 3747 385 3811 saepe
398 3730 504 3795 modis
521 3728 650 3811 multis,
666 3739 763 3813 atque
774 3749 903 3816 aspera,
918 3714 1009 3796 serii.
