2550 4726
304 324 507 417 crasa
545 352 600 418 ιι.
640 340 766 437 ιῃι
977 356 1016 434 ,ι

10 486 12 491 ’
63 471 235 581 Principiis
247 495 277 560 si
290 494 358 564 iam
370 504 419 560 est
430 516 543 562 sensus
554 496 750 559 tribuendus
767 513 897 573 eorum

68 599 173 682 Quid?
189 614 293 692 genus
308 604 490 668 humanum
503 602 678 688 propritim
689 603 731 666 de
744 601 864 684 quibus
873 618 936 664 au·-
994 592 997 599 ⁴

481 772 484 777 ,
589 718 679 773 etum
697 717 759 790 est,

68 802 191 878 Scilicet
204 821 237 878 et
247 814 315 880 r'isu
331 816 473 879 tremulo
488 832 645 878 concussa
663 811 881 893 cachinnant,

56 903 109 976 Et
117 917 267 986 lacrumis
278 927 438 1004 spargunt
451 916 640 979 rorantibus
655 933 713 978 ora
725 932 907 1001 genasque3

57 1006 231 1100 Multaque
247 1022 289 1082 de
304 1041 415 1084 rerum
428 1020 572 1083 mixtura
585 1019 696 1083 dicere
708 1017 844 1097 callent,

46 1104 122 1202 Et,
134 1108 195 1186 sibi
206 1143 370 1208 proporro
383 1146 468 1206 quae
485 1125 552 1190 sint
566 1122 763 1208 primordia,
779 1125 954 1203 quaenunt.

45 1223 337 1314 Quandoquidem
351 1231 424 1296 totis
435 1229 629 1294 mortalibus
647 1226 831 1291 adsimilata

38 1317 135 1415 Ipsa
144 1354 275 1416 quoque
289 1357 331 1399 ex
342 1335 416 1400 aliis
432 1338 554 1401 debent
563 1344 712 1401 constare
723 1330 907 1410 clementias
1023 1335 1027 1342 ’

39 1422 144 1501 Inde
152 1439 218 1502 alia
230 1461 271 1503 ex
282 1439 369 1523 aliis,
382 1458 545 1522 nusquam
563 1438 786 1504 consisterent
798 1433 894 1500 ausis·

40 1539 336 1628 Quippesequar,
353 1547 575 1628 quodcunque
587 1542 681 1626 loqui
696 1542 870 1624 ridereque
879 1541 982 1624 dices,

42 1639 100 1715 Et
112 1670 225 1734 sapere
243 1672 284 1713 ex
297 1651 387 1734 aliis,
405 1652 521 1714 eadem
534 1654 618 1714 baec
632 1647 843 1730 facientibus,
854 1656 891 1709 ut
908 1645 960 1712 sit.
998 1646 1001 1653 '

43 1751 157 1840 Quod
170 1755 200 1820 si
214 1755 319 1819 delira
332 1758 414 1820 haec
430 1754 622 1837 furiosaque
635 1753 801 1818 cernimus
813 1771 900 1818 esse:

45 1848 97 1922 'Et
113 1861 223 1929 ridere
234 1873 341 1945 potest
356 1883 425 1926 non
439 1850 480 1926 er
493 1861 676 1927 ridentibus
693 1870 827 1942 auctus,

53 1957 96 2029 bt
108 1985 245 2047 sapere,
259 1978 291 2030 et
306 1968 410 2030 doctis
425 1967 589 2029 rationem
604 1966 740 2029 reddere
752 1964 865 2047 dictis,

60 2069 132 2138 lion
145 2096 188 2137 ex
200 2073 379 2138 seminibus
390 2074 593 2156 sapientibus
602 2084 700 2155 atque
710 2072 856 2137 disertisr
955 2076 1016 2156 988

61 2171 123 2269 Qui
137 2179 250 2242 minus
261 2200 330 2242 esse
345 2189 468 2261 queant
483 2188 538 2261 ea,
556 2175 643 2260 quae
657 2179 778 2242 sentire
791 2178 942 2243 videmus

60 2283 244 2363 Seminibus
259 2283 422 2367 permixta
438 2282 625 2348 carentibus
640 2282 789 2365 undique
803 2282 923 2345 sensui
1010 2312 1014 2328 ι
1032 2321 1035 2325 .

95 2387 251 2468 Denique
260 2386 393 2452 coelesti
401 2406 513 2451 sumus
527 2406 641 2452 omnes
652 2386 778 2450 semine
787 2385 921 2450 oriundi
935 2407 944 2450 ε

61 2490 224 2555 Omnibus
237 2492 295 2554 ille
305 2490 395 2554 idem
406 2503 501 2575 pater
516 2501 575 2573 est,
588 2494 678 2556 unde
688 2494 776 2556 alma
784 2490 983 2574 linquenteis

56 2591 341 2683 Humoris'guttas
353 2608 458 2661 mater
474 2617 577 2680 quorn
594 2606 681 2662 terra
690 2598 816 2682 recepit
822 2643 834 2682 ‚
1018 2608 1022 2619 '

56 2701 135 2769 Feta
152 2703 238 2786 parit
251 2701 372 2791 nitidas
380 2701 522 2788 stupeis,
537 2704 733 2786 arbustaque
749 2705 850 2787 laeta,
979 2761 982 2765 .

52 2807 101 2870 Et
113 2829 217 2893 genus
232 2810 433 2885 humanum
445 2809 532 2891 parit
546 2810 660 2871 omnia
676 2811 765 2873 secla
777 2809 945 2887 ferarum

57 2911 184 2990 Pabula
195 2929 295 2991 quom
306 2913 457 2994 praebet,
469 2910 588 2990 quibus
597 2920 1012 2994 omnesoorporapsseunt‚

57 3015 99 3077 Et
112 3015 241 3078 dulcem
252 3018 377 3080 ducunt
386 3017 509 3098 uitam,
521 3019 714 3099 prolemque
729 3025 935 3102 propagante

56 3120 268 3204 Quapropter
278 3120 397 3184 merito
409 3128 595 3184 maternum
608 3139 732 3186 nornen
742 3125 861 3206 adepta
872 3131 931 3188 est.

59 3225 155 3291 Cedit
166 3225 247 3289 item
259 3238 360 3311 retro,
379 3230 421 3291 de
432 3228 519 3292 terra
527 3231 618 3309 quod
628 3229 796 3309 licitante,
909 3309 914 3319 Ι

56 3331 102 3399 In
115 3340 229 3413 terras3
244 3343 292 3417 et,
306 3337 397 3416 quod
410 3336 547 3400 missum
560 3345 607 3399 est
621 3355 662 3399 ex
672 3335 811 3401 aetheris
827 3335 912 3419 oris,
933 3404 935 3414 ,

56 3436 100 3500 Id
110 3457 240 3502 rursum
255 3437 340 3502 coeli
355 3441 494 3503 relatum
505 3440 629 3522 templa
641 3443 826 3523 receptant}

56 3545 129 3622 Nee
140 3543 188 3608 sic
202 3544 364 3609 interimit
377 3566 467 3610 mors
477 3566 546 3628 rea,
558 3555 596 3608 ut
612 3535 761 3630 materiai

55 3650 208 3731 Corpora
222 3647 390 3732 conficiat,
403 3651 462 3714 sed
479 3658 608 3713 coetum
620 3650 768 3733 *dissupat
785 3647 879 3716 ollist

54 3750 143 3822 lude
159 3753 232 3825 aliis
250 3753 342 3822 arud
352 3753 538 3845 camargis,
554 3764 586 3820 er
599 3751 711 3839 efficit,
727 3772 843 3822 omner
887 3756 891 3769 '
