2550 4726
307 360 367 418 xx
494 303 1099 415 Norrtrr‘urarrrum

304 515 428 598 gutum
438 497 508 569 hoc
520 498 629 570 titulo
641 525 649 568 ι
663 495 717 568 De
732 496 911 590 ingebreide
922 496 1035 574 chaos,
1051 500 1266 593 engevaunde

302 610 404 686 vareis
415 608 552 702 vordr'rtg
563 605 619 677 dor
632 605 711 676 aude
725 631 762 676 en
778 604 999 699 hedendaagze
1012 632 1198 703 vysgeeretr.
1211 636 1265 685 rte·

302 720 400 812 tidtlt
413 743 451 790 m
463 718 621 810 oeeriegt,
641 716 793 812 iyzondar
804 715 841 786 de
856 717 1025 809 gararicus
1040 719 1108 791 hier
1121 737 1264 794 omtrettt

301 850 370 902 van
383 828 427 899 T.
442 825 627 896 Lucretius
640 825 749 898 Carut
759 850 798 896 eu
816 823 904 895 Diri
917 826 1109 902 Santuoort,
1124 842 1136 879 ¹
1157 826 1266 903 beroia

230 977 234 985 ·
298 937 400 1010 nenda
418 935 476 1005 dot
487 933 568 1004 tude
579 933 759 1027 beginzeitn
774 933 830 1002 der
845 931 985 1010 Werelt,
999 934 1109 1010 (lutis.
1122 937 1264 1032 rordiug

297 1064 362 1120 tart
379 1041 464 1130 Zau,
478 1043 599 1117 Maon.
613 1043 774 1113 Aardiiot
784 1067 840 1112 ruz
847 1042 975 1134 vulgent
988 1040 1043 1112 itin
1055 1067 1150 1136 eygen
1162 1068 1265 1138 groti·

298 1154 357 1225 rien
370 1155 437 1223 niet
450 1151 502 1222 oei
522 1149 706 1243 argeleydm
725 1149 849 1244 betragt
865 1147 990 1220 habim.
1008 1148 1102 1218 Ment
1114 1173 1170 1222 eeu
1186 1174 1261 1222 uer·

295 1264 446 1356 standige
463 1263 650 1355 rutilaring
670 1284 771 1353 regen
797 1259 882 1330 Goth
903 1258 1086 1355 iublyvmde
1108 1282 1147 1330 m
1166 1284 1262 1332 over·

290 1373 421 1468 gaandt
438 1371 583 1464 uariing.
606 1368 679 1441 Sed
700 1369 765 1460 qui
783 1369 957 1461 scripturn
972 1367 1092 1461 ipsum
1110 1370 1260 1441 evolve-

293 1497 398 1569 runt,
416 1479 589 1575 putidum
606 1477 776 1571 Spinosae
795 1479 977 1563 asseclam,
997 1474 1189 1548 derisorem
1202 1502 1258 1550 sa·

293 1613 433 1661 orarum
454 1589 637 1658 literarum
653 1586 808 1679 impium
824 1635 835 1672 ,
852 1599 889 1656 et
900 1583 1077 1681 religionis
1087 1600 1257 1659 contem-

235 1737 236 1741 =
291 1714 408 1770 torem
419 1695 586 1771 Lucretio
595 1695 672 1790 ipso
684 1695 782 1766 haud
794 1696 981 1767 meliorem
992 1693 1056 1764 illo
1066 1694 1176 1788 prodi
1188 1697 1257 1770 ob·

291 1819 439 1877 servant.

336 1914 562 1985 Substantiam
578 1929 610 1982 et
623 1934 736 2010 corpus
748 1935 845 2007 aeque
863 1910 927 1980 tau
934 1928 1066 2007 patera,
1095 1930 1186 1984 omne
1196 1937 1255 1986 tx·

290 2044 416 2097 tentum
426 2047 492 2094 usse
505 2046 698 2120 corporeum.
714 2021 807 2114 (cum
819 2045 875 2091 suo
889 2025 1095 2100 consectaria.
1104 2025 1254 2124 Spiritus

287 2159 443 2232 nusquam
454 2132 541 2227 etse)
554 2130 824 2229 nihilfieriporsa
836 2135 952 2203 nisiex
962 2134 1164 2231 praeiacenti
1177 2159 1252 2208 mu·

288 2248 394 2318 terior
415 2245 485 2320 uel.
508 2243 592 2338 quod
610 2241 692 2312 idem
713 2258 779 2315 ast,
805 2242 990 2342 nihilpotsa
1012 2249 1127 2316 creari.
1148 2245 1252 2318 Omne

285 2380 400 2454 corpus
412 2371 536 2425 motum
553 2353 594 2423 ab
614 2351 678 2422 alio
702 2375 826 2450 corpore
842 2358 971 2427 moveri.
1000 2356 1118 2429 Omnia
1135 2359 1253 2456 mundi

164 2526 165 2531 ,
280 2467 500 2566 phaenomena
514 2463 692 2535 rationibus
701 2489 782 2562 pure
791 2465 985 2538 mechanicis
993 2493 1085 2567 poste
1099 2470 1251 2569 explico·

270 2577 325 2645 τί.
352 2572 595 2643 Cohaerentiam
616 2594 805 2670 corporum,⁴
833 2593 1011 2646 atomorum
1040 2577 1251 2652 humatarum

285 2684 400 2753 unione
413 2683 572 2751 contineri
577 2732 589 2755 .
608 2697 639 2750 at
652 2680 689 2749 id
701 2705 806 2773 genus
821 2683 889 2753 aliu
897 2683 975 2780 sere
984 2688 1135 2784 infinita,
1145 2713 1249 2784 prae·

282 2794 394 2864 tertim
411 2792 499 2891 apud
514 2790 712 2864 Democriti
728 2809 759 2862 et
780 2790 924 2886 Epicuri
944 2812 1135 2870 sectatores.
1156 2800 1249 2895 apud

282 2901 490 2972 Lucretium
500 2923 580 2999 prae
593 2902 723 2972 ceteris:
742 2924 832 2995 quem
846 2924 917 2972 cum
935 2902 1103 2973 admodum
1119 2904 1247 2976 adoles*

283 3036 356 3083 cent
376 3013 567 3086 evolverem.
583 3012 740 3106 putabam
754 3011 901 3109 profecta
922 3012 1069 3085 subinde.
1088 3038 1136 3082 me
1149 3032 1245 3112 saty-

262 3188 264 3195 ,
282 3144 355 3190 rum
368 3122 544 3214 quempiam
554 3121 719 3190 timiumve
738 3142 842 3188 senem
858 3120 999 3216 esihrhis
1010 3117 1246 3219 philosophan-

284 3243 347 3298 tem
359 3224 489 3298 audire,
512 3224 587 3294 aaa
603 3229 710 3294 omnia
735 3248 775 3295 ex
789 3222 853 3293 salo
867 3250 959 3296 sensu
975 3243 1129 3301 externa.
1152 3255 1247 3302 cruo-

280 3361 377 3434 raque
391 3337 622 3430 imaginatione
638 3335 883 3417 deducebantur.
903 3335 1002 3451 Quod
1017 3360 1122 3433 genus
1128 3343 1243 3442 philo.

322 3506 559 3579 rDeSontvoortii
571 3506 636 3561 libro
648 3508 736 3562 deor·
775 3506 990 3579 Philosophorum
1012 3513 1078 3568 edita
1098 3514 1239 3571 Germani-

279 3582 399 3636 strkvao
415 3586 447 3640 ‹le
462 3586 626 3658 bertegingen
640 3587 671 3640 de
687 3586 735 3641 lie·
775 3589 966 3651 colmevll.
976 3610 1033 3663 pag.
1045 3611 1101 3648 rur.
1111 3611 1164 3665 req·
1181 3597 1240 3653 Un-

280 3659 378 3730 ginsoin
398 3660 442 3716 der
463 3675 537 3718 vurta
554 3660 691 3729 lichanon,
708 3680 736 3720 er
775 3671 905 3743 schuldigo
912 3672 1082 3728 Nachrichten
1091 3694 1144 3728 von
1157 3677 1239 3732 theo·

279 3741 414 3810 descripto
423 3745 585 3815 Wyormrrsii
594 3746 655 3800 vide
664 3745 736 3799 Chri·
774 3749 905 3820 logischerr
919 3753 1017 3808 Sithon
1032 3773 1073 3813 an.
1085 3772 1158 3824 ¹7¹7·
1174 3774 1235 3832 pag.

280 3820 368 3888 troph.
381 3818 494 3891 raguse
510 3822 653 3878 Herrornoi
670 3826 736 3879 heta
770 3842 896 3901 ⁴²⁴·2‘l·
