2550 4726
412 314 616 378 urnun
655 312 709 375 11.
746 262 873 399 essa
990 284 1125 394 ”⁵⁹

157 458 320 526 Versibus
333 462 518 544 ostendam,
528 462 724 544 corpuscula
736 457 889 523 materiai

161 564 211 626 Ex
221 561 353 626 infinito
361 583 526 627 summam
540 584 654 626 rerum
670 584 776 643 usque
792 571 924 644 tenere,

163 667 320 749 Undique
337 671 466 750 protelo
479 672 653 756 plagarum
673 667 875 733 continuato.

205 776 287 836 Nam
301 778 393 856 quod
402 797 477 838 rara
488 778 581 842 vides
591 776 695 862 magis
705 796 773 838 esse
780 772 938 837 animalia
947 770 1125 856 quaedam,

166 876 419 960 Fecundamque
429 879 539 944 minus
549 889 703 943 naturam
714 879 820 942 cernis
829 877 865 941 in
876 877 961 953 illis3

169 981 211 1045 At
220 985 371 1069 regione,
386 989 525 1067 locoque
536 986 622 1068 alio,
637 984 795 1065 terrisque
805 970 960 1064 remotis,

169 1083 269 1151 Multa
278 1089 357 1153 licet
366 1110 489 1176 genere
497 1112 566 1154 esse
574 1091 612 1154 in
622 1111 678 1173 eo,
688 1110 930 1171 numerumque
939 1086 1074 1171 repleri:

169 1187 233 1274 Sic,
243 1193 291 1255 uti
303 1196 557 1276 quadrupedum
574 1192 780 1275 cumprimis
797 1213 867 1255 esse
882 1191 1035 1254 videmus

167 1291 209 1356 In
221 1320 338 1383 genere
348 1300 568 1393 anguimanos
579 1301 787 1383 elephantos,
798 1299 894 1361 india
906 1316 1052 1379 quorum

168 1394 314 1462 Millibus
324 1419 346 1462 e
353 1401 468 1465 multis
483 1403 573 1473 vallo
588 1397 740 1466 munitur
756 1405 900 1484 eburno,

165 1496 213 1564 Ut
220 1505 349 1588 penitus
361 1516 504 1586 nequeat
514 1508 696 1590 penetrari:
712 1517 803 1572 tanta
815 1510 965 1574 ferarum

165 1600 225 1673 vis
234 1620 298 1690 est;
311 1632 453 1693 quarum
462 1633 524 1678 nos
536 1632 703 1697 perpauca
715 1616 867 1697 exempla
882 1613 1046 1676 videmus·

160 1704 364 1797 Scdtamen,
374 1715 411 1784 id
421 1735 555 1797 quoque
564 1716 614 1778 uti
627 1717 824 1801 concedam,
838 1715 1044 1798 quemlubet
1055 1715 1125 1775 esto

158 1806 271 1882 Unica
286 1841 339 1885 res
346 1824 528 1905 quaedam,
543 1821 657 1888 nativo
671 1843 813 1908 corpore
823 1825 911 1907 sola,

156 1925 253 2012 Quoi
262 1930 379 1994 similis
395 1940 465 1994 toto
478 1943 640 1995 terrarum
655 1954 725 1996 non
742 1935 784 1997 sit
799 1934 944 2011 inorbe3

150 2021 300 2095 Infinita
310 2044 421 2096 tamen
437 2035 502 2099 nisi
511 2037 573 2099 crit
588 2038 639 2101 vis
654 2040 823 2123 materiai,
1068 2032 1124 2112 546

156 2130 264 2200 ‘Unde
279 2158 318 2200 ea
333 2136 491 2225 progigni
503 2140 605 2222 possit
622 2152 798 2226 concepta,
816 2142 921 2207 creari
1033 2200 1035 2204 .
1086 2188 1091 2196 -

160 2239 238 2307 lton
248 2243 388 2327 poterit:
402 2266 527 2330 neque,
540 2249 632 2329 quod
648 2258 810 2333 superest,
828 2267 1057 2333 procrescere,

666 2408 668 2413 Α
689 2352 812 2434 alique.

206 2455 340 2541 Quippe
354 2455 478 2520 etenim
490 2467 623 2523 sumant
640 2458 747 2542 oculi,
761 2458 854 2523 finite
871 2480 932 2543 per
940 2476 1042 2521 omne

171 2560 314 2643 Corpora
327 2559 443 2625 iactari
457 2560 556 2626 unius
567 2562 725 2649 genitalia
736 2562 803 2641 rei}

170 2668 279 2749 Unde,
296 2669 373 2750 ubi,
391 2689 457 2749 qua
468 2670 519 2752 vi,
533 2681 641 2753 etquo
651 2681 762 2755 pacto,
775 2691 948 2759 congresse
957 2670 1096 2734 coibunt

170 2776 323 2838 Materiae
335 2777 473 2841 tantuin
485 2781 618 2864 pelago,
637 2783 799 2860 turbaque
814 2780 945 2843 aliena?

170 2881 259 2962 Non,
272 2890 310 2942 ut
319 2882 456 2963 opinor,
472 2885 597 2944 habent
614 2883 778 2945 rationem
793 2880 1016 2959 conciliandi:

171 2987 243 3068 Sed,
258 2985 353 3066 qnasi
367 2984 549 3069 naufragiis
565 2984 694 3069 magnis
710 2981 1037 3063 multisquecoortis,

169 3088 346 3153 Disiectarc
353 3091 437 3152 solet
445 3108 605 3172 magnum
618 3107 712 3151 mare
729 3097 887 3166 transtra,
903 3102 1079 3166 cavernas,

171 3191 650 3274 Antennas,proram,malos,
672 3185 1055 3270 tonsasque,natanteis;

171 3301 229 3364 Per
243 3311 408 3363 terrarum
420 3297 548 3363 omneis
563 3317 638 3361 oras
652 3295 816 3362 fluitantia
828 3299 988 3379 aplustra..

172 3403 212 3468 Ut
222 3407 413 3489 videantur,
426 3418 458 3470 et
467 3407 629 3471 indicium
644 3404 838 3469 mortalibus
849 3407 966 3486 edant,
1053 3450 1056 3457 .
1117 3420 1122 3443 ·

171 3508 268 3579 lnfidi
282 3512 384 3574 maris
393 3511 544 3593 insidias,
557 3496 737 3591 vireisque,
751 3510 934 3588 dolumque
956 3578 959 3583 ,

173 3610 215 3674 Ut
230 3605 468 3694 vitare'velint,
488 3633 573 3675 neue
588 3612 660 3673 ullo
676 3621 822 3693 tempore
837 3610 990 3696 credaut,
1015 3624 1022 3635 ’·
1102 3662 1110 3677 ,
1192 3620 1196 3627 ’

175 3714 315 3782 Subdola
331 3737 434 3802 quom
446 3717 533 3783 ridet
547 3716 671 3804 placidi
690 3713 831 3802 pellacia
843 3711 955 3798 pontis
