2572 4732
165 354 206 417 ,ο
358 330 437 419 ,nr
463 328 655 393 runnu
681 326 898 393 urruns
958 325 1086 391 esso.
1159 350 1161 357 ,

160 470 289 554 vortit,
303 469 421 535 etbinc
430 489 544 535 sensus
555 468 762 532 erimantum
776 469 1086 552 procreseomuc'sse

160 578 236 640 Non
249 575 314 640 alie
330 578 430 662 longe
447 574 593 656 ratione,
605 584 705 655 etque
722 574 818 638 arida
838 573 932 661 tigne

160 679 312 764 Explicat
329 679 367 745 iu
383 681 547 762 flammis,
561 677 639 742 etin
651 677 758 767 igneis
773 676 886 741 omnia
897 685 1020 740 verset.

201 789 315 852 Iamne
332 785 424 849 vides
438 782 557 872 igitur,
576 782 692 872 mgni
707 783 892 866 primordia
906 803 1021 849 rerum

159 892 296 956 Referre
309 889 346 953 in
358 889 450 971 quali
459 887 525 953 sint
538 887 657 953 ordine
669 874 820 970 quaeque
835 889 958 969 touta,
1072 952 1075 957 ,

160 996 201 1056 Et
211 990 387 1056 commixta
400 991 521 1071 quibus
534 993 613 1055 deut
624 984 751 1072 motus,
761 989 1011 1074 accipiantque?

201 1097 288 1160 Tum
297 1113 416 1180 porro,
430 1092 514 1178 quid
522 1092 559 1159 id
568 1104 633 1178 est,
647 1095 798 1162 animum
807 1099 899 1181 quod
908 1093 1056 1182 percutit

686 1199 815 1284 ipsum,

160 1303 261 1395 Quod
269 1308 401 1391 movet,
415 1308 448 1365 et
457 1300 571 1374 verice
579 1320 694 1367 sensus
706 1321 899 1386 expromere
911 1300 1018 1390 cogit,

160 1410 210 1472 Ex
225 1405 436 1473 insensilibus
451 1427 494 1471 ne
511 1408 625 1471 credas
633 1407 752 1472 sensile
766 1407 885 1495 gigni?
990 1459 992 1464 .
1098 1440 1101 1444 ·

160 1513 325 1579 Nimirum
336 1512 478 1597 lapides,
492 1520 524 1575 et
537 1508 647 1597 ligne,
659 1521 692 1575 et
705 1520 810 1592 terra,
822 1513 914 1593 quod
930 1529 999 1575 una
1037 1590 1040 1595 Ι

160 1614 281 1696 Mixto,
294 1625 405 1679 tamen
418 1624 589 1695 nequeunt
599 1612 734 1678 vitalem
752 1616 891 1679 reddere
906 1596 1048 1679 sensum.

200 1718 290 1779 Illud
301 1715 339 1781 in
350 1715 401 1779 bis
418 1713 519 1803 igitur
535 1714 651 1780 foedus
668 1714 856 1781 meminisse
873 1714 1019 1796 decebit,
1059 1782 1062 1789 ,

160 1820 236 1883 Non
246 1840 288 1882 ex
300 1817 622 1902 omuibusomuino,
641 1839 858 1903 quaecunque
869 1829 1063 1903 creentres,

131 1968 137 1983 .
160 1922 302 2005 Seusile,
318 1934 351 1988 et
363 1925 528 2011 externplo
545 1943 600 1986 me
614 1923 710 2011 gigni
725 1918 834 1989 dicere
852 1945 983 1991 seusus:
1063 1927 1127 2011 ³9³
1161 2000 1163 2006 Ι

160 2026 226 2090 sed
236 2027 350 2112 magni
359 2027 496 2109 referre,
513 2045 552 2090 eu
562 2025 710 2110 primum
720 2028 882 2110 quantula
897 2035 1058 2109 constent,

158 2131 284 2197 sensile
301 2151 386 2216 quae
395 2129 536 2214 sedunt,
552 2140 584 2193 et
597 2127 738 2213 quesint
748 2128 897 2215 praedita
910 2127 1032 2209 lorma;

158 2238 322 2320 Motibus,
339 2237 526 2319 ordinibus,
541 2233 698 2320 posituris
706 2232 865 2317 denique,
881 2252 966 2315 quae
976 2232 1060 2299 sint:

160 2343 312 2436 Quarum
324 2341 374 2404 nil
386 2362 499 2405 rerum
509 2340 547 2404 in
563 2338 680 2427 lignis,
694 2337 880 2426 glebisque,
894 2338 1060 2405 ridemus.

159 2448 202 2512 Et
212 2458 323 2512 temen
337 2448 439 2531 haec,
451 2467 554 2531 quom
568 2455 645 2512 sunt
658 2443 753 2527 quasi
764 2442 950 2528 putrefacta
959 2463 1019 2529 per

692 2550 846 2635 imbreis,
898 2626 902 2633 Ι
930 2629 933 2635 ¹
1063 2536 1076 2555 ’

160 2659 369 2726 vermiculos
384 2659 537 2746 pariunt,
553 2660 632 2745 quic
642 2680 782 2745 corpore
798 2658 948 2723 materiai

160 2765 313 2848 Antiquis
324 2789 365 2831 ex
381 2768 554 2832 ordinibus
564 2777 715 2852 permota
730 2786 818 2833 nova
831 2787 884 2850 re,
963 2743 972 2767 x

161 2869 390 2953 Conciliantur
405 2871 470 2955 ita,
488 2881 524 2939 ut
536 2871 658 2936 debent
669 2867 828 2935 animalis
838 2868 942 2959 gigni.

200 2973 347 3058 Deinde,
366 2995 408 3040 ex
420 2972 597 3040 sensilibus
615 2991 717 3056 quoru
731 2969 849 3041 sensile
863 2990 959 3055 posse
973 2970 1081 3039 creari

161 3078 382 3164 Constituunt,
403 3101 522 3166 porro,
535 3102 576 3144 ex
585 3077 907 3163 aliissentiresuiiti,

95 3180 98 3185 “
159 3182 277 3250 Mollia
291 3183 514 3248 tum‘faciunt:
533 3202 734 3248 namsensus
751 3180 901 3268 iungitur
913 3179 1023 3245 omnis

158 3281 364 3363 Visceribus,
381 3283 504 3366 nervis,
517 3283 625 3366 venis,
637 3303 853 3365 quaecunque
867 3283 1019 3372 videmus

159 3387 279 3451 Mollia
291 3387 426 3457 mortali
440 3377 615 3454 consistere
628 3409 766 3473 corpore
780 3400 879 3456 creta.
994 3390 996 3394 ’

200 3491 265 3552 Sed
278 3499 387 3556 tamen
404 3502 471 3555 estc
487 3490 572 3576 inm,
584 3512 679 3577 posse
692 3494 775 3559 baec
788 3502 921 3579 aeterna
938 3507 1092 3574 manere3

57 3598 60 3603 ’
160 3594 287 3677 Nempe
300 3607 409 3662 tamen
422 3599 543 3664 debent
557 3607 614 3662 aut
628 3618 760 3666 sensum
775 3600 877 3687 partis
887 3602 1025 3684 habere,

161 3699 357 3770 estsimilis
369 3702 443 3772 totis
455 3703 655 3774 animalibus
669 3727 738 3776 esse
749 3706 869 3796 putari.
