2550 4726
287 396 346 462 242
492 382 561 445 DE
586 382 777 444 RERUM
809 381 1030 475 aarum
1091 403 1207 467 uqar.

327 524 511 609 Principio,
525 525 680 591 omnibus
689 545 710 586 a
726 525 841 607 rebus,
855 544 1071 606 quascunque
1084 524 1234 613 ridemus,-

285 635 448 715 Perpetuo
459 633 576 714 fluere,
589 651 629 693 ao
638 630 726 693 mitti
735 630 928 718 spargique,
945 649 1077 692 necesse
1089 638 1139 693 est

285 743 450 821 Corpora,
464 759 549 819 quae
563 736 684 801 feriant
694 739 823 817 oculos,
835 734 1011 817 visumque
1021 736 1191 803 lacesserit

284 846 515 925 Perpetuoque
526 843 634 904 fluunt
644 840 793 904 certisab
808 841 908 902 rebus
916 841 1055 921 odores,
1160 852 1163 857 '

252 948 257 959 '
284 947 401 1033 Frigus
412 957 450 1013 ut
461 965 482 1008 a
493 945 621 1029 fluviis,
634 947 726 1011 calor
738 965 758 1008 a
770 947 854 1027 sole,
875 953 983 1008 aestus
994 945 1037 1006 ah
1051 942 1151 1012 undis

284 1053 463 1134 Aequoris,
476 1071 591 1115 exesor
602 1071 793 1115 moerorum
804 1049 903 1114 litora
913 1059 1068 1135 propter:

241 1168 246 1177 ·
284 1156 351 1218 Neo
361 1153 446 1217 varii
457 1163 584 1219 cessant
596 1154 722 1221 sonitus
734 1174 943 1238 manareper
957 1176 1067 1221 auras.

283 1260 634 1344 Denique,inossalsi
645 1260 869 1324 venithumor
878 1280 976 1345 saepe
986 1261 1131 1347 saporis,

283 1367 396 1449 Quom
410 1386 501 1428 mare
511 1384 685 1429 vorsantur
693 1376 844 1450 propter,
855 1364 1027 1449 dilutaque
1039 1379 1154 1433 contra

227 1530 235 1543 ,
284 1472 396 1553 Quom
407 1469 532 1533 tuimur
540 1468 673 1534 misceri
683 1468 978 1557 absinthia,tangit
989 1489 1134 1535 amaror.

284 1578 397 1655 Usque
407 1577 491 1638 adeo
503 1571 658 1638 omnibus
670 1577 713 1641 ah
722 1577 822 1639 rebus
834 1596 889 1638 res
900 1594 1054 1656 quaeque
1063 1578 1196 1641 fluenter

283 1685 415 1764 Fertur,
425 1693 458 1746 et
470 1681 507 1743 in
516 1689 648 1745 cunetas
659 1680 835 1754 dimittitur
845 1683 996 1762 undiqrae
1007 1683 1150 1763 partein:

282 1791 351 1852 Nee
360 1806 469 1870 mora,
479 1808 541 1851 neo
549 1788 697 1873 requies,
709 1786 797 1851 inter
811 1787 911 1850 datur
921 1786 992 1851 ulla
1002 1786 1151 1871 finandi,

283 1899 446 1980 Perpetuo
460 1896 620 1980 quoniam
631 1894 806 1977 sentimus,
816 1906 850 1959 et
863 1894 977 1959 omnia
989 1915 1126 1979 sempor

283 2002 600 2086 Cernere,odorari,
612 2002 752 2085 licet,et
760 1999 882 2066 sentire
891 2020 1023 2066 sonare.
1182 2004 1229 2087 ,rt

323 2110 544 2180 Nunromnes
556 2119 704 2194 repetam
715 2129 817 2190 quam
828 2127 903 2172 raro
915 2109 1194 2192 corporesintm

283 2212 1147 2299 Commemorare,quodinprimoquoqueearmtne

934 2320 1047 2384 claret.

174 2459 180 2468 ι
282 2428 416 2513 Quippe
426 2428 770 2512 etenim,quanquam
778 2428 974 2492 multashoc
983 2426 1132 2525 pertinet
1141 2429 1229 2493 adrat

280 2535 436 2615 Noscere,
449 2533 653 2617 cumprimis
666 2536 754 2596 hano
767 2536 811 2596 ad
821 2555 892 2597 rem
904 2535 1058 2618 protinus
1071 2535 1194 2620 ipsam,

281 2643 357 2726 Qua
370 2642 413 2703 de
429 2639 588 2702 disserere
601 2640 792 2726 aggredior,
806 2641 940 2705 firmare
956 2663 1089 2706 necesse
1099 2650 1164 2726 est,

280 2741 337 2807 Nil
346 2763 416 2807 esse
429 2741 466 2805 in
477 2752 630 2826 promtu,
645 2741 710 2804 nisi
722 2763 842 2826 corpus
854 2743 996 2806 mixtum
1007 2744 1045 2809 iu
1059 2743 1164 2820 inani,

321 2854 506 2938 Principi0,
519 2853 570 2938 fit,
581 2864 619 2917 ut
632 2854 669 2917 in
681 2852 847 2936 speluncis
857 2874 935 2916 saxa
948 2875 1096 2935 superna

281 2965 408 3027 Sudent
421 2966 579 3046 humore,
590 2971 623 3026 et
632 2960 733 3048 guttis
747 2961 951 3024 manantibu’
960 2961 1104 3028 stillent:

281 3068 396 3128 Manat
406 3065 487 3129 item
498 3064 594 3128 nobis
609 3086 627 3127 e
642 3074 710 3128 toto
722 3084 862 3148 corpore
871 3066 990 3142 sudor3

282 3169 407 3231 Crescit
417 3170 536 3249 barba,
544 3166 671 3249 pilique
679 3189 739 3250 per
749 3168 862 3231 omnia
872 3170 1034 3250 membra,
1048 3188 1111 3250 per
1118 3171 1212 3229 artru:

280 3273 412 3336 Diditus
422 3272 459 3333 in
474 3291 575 3363 vertas
587 3271 679 3333 cibus
691 3272 835 3354 omneis,
846 3281 963 3360 auget,
977 3272 1123 3353 alitque,

282 3375 439 3459 Corporis
448 3385 608 3438 extremas
624 3394 756 3455 quoque
767 3375 888 3456 parteis
898 3374 1172 3462 ungrrioulosque.

280 3483 397 3569 Frigus
408 3482 488 3545 item
501 3481 637 3544 transire
654 3503 712 3564 per
725 3503 797 3562 aes,
814 3482 1024 3563 calidumque
1034 3499 1204 3566 vaporem,

280 3586 459 3651 sentimus:
475 3587 632 3651 sentimus
642 3586 722 3650 item
736 3587 873 3650 transire
886 3606 946 3670 per
963 3606 1101 3670 aurum,

280 3695 387 3774 Atque
397 3719 457 3778 per
467 3709 656 3783 argentum,
671 3718 771 3776 quom
784 3697 904 3779 pocula
916 3697 1017 3778 plena
1028 3705 1187 3758 tenemus·

279 3799 450 3883 Denique,
463 3824 524 3886 per
536 3803 699 3885 dissaepta
709 3805 886 3866 domorum
896 3820 996 3867 saxea
1004 3820 1104 3869 voces
