2550 4726
152 300 232 392 ως
354 314 423 376 nn
447 312 636 374 neuun
667 309 886 374 urruns
924 331 958 373 v.
982 328 1069 394 129².

149 459 232 521 Inde
247 455 437 520 minutatim
448 453 606 540 processit
620 454 746 518 terreus
759 452 863 534 eneis,
897 464 900 477 '
1010 476 1013 481 ·
1039 484 1043 495 ·

150 562 322 642 Vorseque
335 560 372 624 in
385 558 584 624 obscoenum
593 557 717 642 species
730 567 778 621 est
791 555 887 622 falcis
899 556 1043 641 aheneo,

150 666 192 726 Et
207 665 295 729 ferro
307 684 445 750 coepere
459 666 568 728 solum
582 661 793 747 proscindere
806 669 929 737 termes

151 768 403 852 Exaequataque
418 776 496 831 sunt
507 764 636 850 creperi
651 763 833 828 certamina
846 759 939 824 belli.

190 875 232 954 Et
240 875 333 959 prius
342 885 390 939 est
406 884 569 938 armatum
583 874 620 937 in
631 872 710 954 equi
723 869 943 936 conscendere
953 876 1074 951 costas,⁴

151 982 192 1044 Et
202 981 405 1046 moderarier
415 980 637 1064 huncfrenis,
648 982 828 1060 dextraque
837 978 968 1066 vigere,

152 1087 261 1168 Quam
272 1085 389 1174 biiugo
402 1107 502 1150 curru
516 1086 598 1150 belli
615 1094 740 1150 tentare
755 1082 891 1167 pericla.

152 1189 193 1250 Et
201 1187 354 1276 biiugum
365 1190 458 1274 prins
465 1199 528 1274 est,
538 1210 639 1272 quam
651 1188 704 1254 his
715 1188 919 1274 coniungere
928 1185 1038 1270 binos,

151 1296 193 1359 Et
204 1314 305 1377 quam
316 1297 483 1364 talciteroe
490 1308 656 1361 armatum
672 1298 851 1362 ascendere·
863 1315 991 1361 currus.

151 1400 234 1465 Inde
245 1403 476 1484 honestum,
490 1401 609 1467 turrito
619 1418 772 1486 corpore,
789 1411 927 1485 taetros,

151 1505 401 1591 Anguimanos,
410 1505 491 1571 belli
502 1486 839 1573 donemnt'votnen
855 1503 961 1569 Poeni

153 1605 310 1694 sufferre,
324 1621 359 1675 et
373 1630 510 1698 magnas
523 1611 639 1693 Martis
653 1614 786 1676 turbare
800 1621 956 1675 catervas.
1093 1596 1095 1603 Α

153 1715 208 1777 Sic
226 1716 296 1777 alid
311 1736 351 1779 ex
367 1716 434 1779 alio
448 1717 579 1801 peperit
596 1717 762 1783 discordia
779 1717 897 1800 tristis,

152 1820 323 1886 Horribite
332 1823 487 1889 humanis
498 1826 590 1906 qnod
603 1823 757 1913 gentibus
771 1822 903 1888 oscetin
915 1819 1028 1897 armis3
1098 1804 1100 1811 ⁴

152 1928 260 2012 Inque
269 1930 339 1996 dies
350 1933 432 1996 belli
447 1932 627 1998 terroribus
637 1932 765 1995 addidit
775 1951 931 2018 augmen.

193 2036 377 2099 Tentarunt
392 2035 492 2100 etiam
505 2046 615 2117 tauros
627 2035 664 2100 in
677 2055 834 2099 moenere
846 2033 947 2116 belli,
1031 2032 1092 2107 stet

153 2140 353 2226 Expertique
365 2135 439 2208 sues
453 2160 567 2208 saevos
582 2153 658 2208 sunt
670 2140 800 2204 mittere
815 2140 853 2203 in
864 2137 1002 2218 hosteis3
1021 2217 1024 2223 Ι

153 2248 195 2309 Et
204 2247 332 2312 validos
345 2248 459 2310 Parthi
470 2266 551 2331 prae
567 2268 602 2311 se
614 2246 731 2310 minere
745 2248 858 2309 leones
1084 2234 1089 2243 ’

153 2357 239 2417 Cum
257 2354 448 2419 ductoribus
462 2353 609 2436 armatis,
624 2351 795 2433 saevisque
810 2350 989 2438 magistris,

153 2455 222 2539 Qui
235 2458 436 2521 moderarier
450 2457 502 2523 his
517 2465 664 2541 possent,
677 2456 862 2537 vinclisque
878 2466 1011 2518 tenere:

154 2557 402 2638 Nequidquam
417 2564 575 2642 quoniam
583 2608 593 2645 ‚
609 2561 771 2646 permixta
785 2563 885 2625 caede
898 2562 1052 2643 calentes,

155 2663 349 2726 Turbabant
360 2665 451 2728 saevi
464 2669 558 2730 nullo
573 2666 763 2732 discrimine
776 2676 916 2749 turmas,

154 2766 328 2833 Terrificas
340 2771 485 2854 capitum
502 2771 685 2853 quatientes
700 2772 849 2854 undique
866 2772 999 2851 eristas3

155 2883 223 2943 Nee
236 2887 390 2960 poterant
402 2872 532 2962 equites
546 2878 678 2944 fremitu
693 2880 868 2965 perterrita
883 2902 1043 2963 equorum

156 2991 294 3054 Pectora
306 2991 470 3072 mulcere,
483 2997 516 3050 et
531 2987 633 3052 frenis
649 2998 841 3052 convortere
853 2988 889 3051 in
901 2989 1033 3055 hosteis.

154 3093 285 3156 Imitata
301 3096 373 3158 leae
386 3093 550 3159 iaciebant
563 3112 701 3177 corpora
718 3094 802 3157 saltu

158 3199 327 3280 Undique,
340 3207 373 3263 et
384 3199 562 3261 advenum
572 3196 780 3261 venientibus
793 3217 852 3261 ora
862 3198 1036 3281 petebant;

155 3308 196 3368 Et
206 3328 267 3370 nec
280 3305 499 3389 opinanreisn
514 3314 613 3390 tergo·
618 3303 843 3388 diripiebant,

157 3415 389 3498 Deplexaeque
402 3413 525 3475 dabant
535 3412 572 3475 in
586 3420 706 3493 terrem
719 3413 856 3476 volnere
870 3412 994 3497 victos,

43 3549 45 3553 ·
155 3521 322 3586 Morsibus
336 3518 464 3585 adfixae
475 3520 610 3604 validis,¹
625 3530 723 3602 atque
736 3519 905 3607 unguibus
917 3520 1024 3585 uncis·

155 3625 475 3708 Iactabentquesuoa
487 3623 589 3706 tauri,
602 3621 808 3706 pedibusque
823 3624 990 3701 terebant3

156 3732 196 3793 Et
205 3731 309 3795 latera
322 3753 361 3798 ac
374 3742 505 3799 ventres
518 3719 698 3797 hauribant
709 3733 822 3800 taliter
834 3748 1000 3812 equorum
1018 3812 1020 3817 Ι
1074 3722 1078 3731 ’
