2550 4726
155 382 162 393 “
269 367 474 431 LIBER
514 369 584 435 VI.
624 371 749 453 v.953.
934 384 993 456 243

8 510 242 596 Pervolitant,
256 519 431 595 permanat
442 511 541 593 odos,
553 512 741 599 frigusque,
758 535 931 600 vaposque

9 617 129 705 lgnis:
139 616 199 699 qui
210 614 289 680 ferri
302 635 435 698 quoque
446 614 515 677 vim
529 627 702 700 penetrare
712 621 821 684 suevit

10 724 192 807 Denique,
207 743 272 804 qua
284 722 408 787 circum
420 723 499 787 colli
507 723 611 788 lorica
623 730 765 791 coe'rcet.

10 828 178 893 Morhida
188 827 303 910 visque
313 826 426 910 simul,
437 847 540 908 quom
549 829 750 896 extrinsecus
758 831 964 900 insinuatur:

11 936 60 998 Et
70 942 310 1017 tempestatem,
323 943 410 997 terra
425 935 585 1016 coeloque
601 947 764 1018 coortam,

14 1041 61 1104 In
74 1042 206 1104 coelum
218 1049 405 1120 terramque
415 1048 540 1102 remote
550 1038 626 1102 iure
636 1040 816 1123 lacessunt,

19 1143 304 1230 Quandoquidem
314 1140 399 1206 nihil
409 1151 473 1225 est,
488 1163 558 1207 non
568 1161 646 1206 raro
656 1164 797 1228 corpore
807 1165 941 1209 nexum.

61 1253 139 1312 Huc
152 1249 293 1333 aceedit,
304 1249 354 1311 uti
364 1270 433 1312 non
444 1249 573 1332 omnia,
584 1270 671 1331 quae
679 1249 849 1315 iaciuntur

21 1356 174 1436 Corpora
187 1348 319 1434 cunque
333 1354 376 1415 ab
387 1354 501 1435 rebus,
511 1354 629 1417 eodem
643 1355 793 1437 praedita
802 1377 919 1441 sensu,

22 1463 131 1542 Atque
142 1461 259 1523 eodem
271 1469 369 1541 pacto
384 1462 482 1524 rebus
495 1459 560 1524 sint
575 1461 731 1524 omnibus
744 1471 831 1544 apta.

61 1565 251 1648 Principio,
265 1573 387 1627 terram
396 1566 446 1628 sol
458 1566 628 1649 excoquit,
638 1577 671 1630 et
681 1565 760 1630 facit
768 1587 845 1646 are,

25 1671 66 1733 At
74 1669 220 1756 glaciem
233 1667 398 1752 dissolvit,
415 1678 448 1733 et
459 1671 533 1734 altis
542 1671 713 1735 montibus
727 1673 812 1735 altas

26 1775 212 1838 Exstructas
220 1771 375 1859 ningueis
387 1774 489 1838 radiis
503 1777 669 1838 tabescere
684 1773 789 1862 cogit:

25 1878 195 1962 Denique,
208 1899 285 1942 cera
296 1860 450 1966 liquescit
462 1879 499 1942 in
510 1879 581 1943 eius
594 1891 688 1961 posta
703 1899 838 1962 vapore.

24 1979 115 2071 lgnis
126 1981 207 2045 item
217 1982 470 2063 liquidumfacit
485 2000 752 2064 aes,aurumque
764 1982 915 2063 resolvit3
932 1989 993 2069 967

24 2087 171 2151 Atouria
184 2096 216 2150 et
236 2108 369 2151 carnem
386 2087 501 2169 trahit,
517 2096 549 2151 et
562 2088 718 2151 conducit
731 2087 768 2150 in
781 2110 899 2154 unum.

24 2196 156 2256 Humor
167 2212 275 2275 aquae
285 2212 387 2278 porro
396 2192 522 2257 ferrum
534 2195 696 2256 condurat
710 2195 754 2255 ab
764 2192 852 2283 igni3

25 2304 66 2366 At
79 2303 172 2368 coria
186 2313 218 2367 ct
235 2322 368 2368 carnem
380 2305 505 2388 mollit,
522 2307 640 2368 durata
655 2303 775 2367 calore.

24 2408 216 2496 Barbigeras
229 2410 371 2474 oleaster
383 2430 423 2473 eo
437 2408 646 2491 iuratusque
659 2408 819 2501 capellas,

23 2514 142 2578 Effluet
155 2515 321 2579 ambrosia
335 2516 429 2597 quasi
443 2536 539 2598 vero,
552 2527 584 2580 et
596 2525 744 2600 nectare,
764 2515 903 2579 tinctusa

25 2622 196 2709 Quanihil
208 2631 256 2688 est
274 2623 404 2685 homini
416 2626 507 2706 quod
519 2623 658 2688 amariu’
674 2623 830 2687 frondeat
842 2631 926 2687 estu.

25 2731 193 2814 Denique,
210 2730 436 2795 amaracinum
452 2732 570 2819 fugitat
582 2755 652 2815 sus,
667 2743 700 2796 et
711 2732 804 2795 timet
816 2750 918 2794 omne

26 2842 255 2928 Unguentum3
271 2859 351 2902 nam
363 2838 511 2925 setigeris
520 2841 622 2900 subus
635 2859 713 2900 acre
726 2856 894 2899 venenum
906 2840 970 2918 est,

27 2947 127 3030 Quod
137 2965 198 3009 nos
212 2944 381 3008 interdum
398 2954 555 3025 tanquam
570 2964 720 3007 recreare
728 2943 871 3005 videtur.

24 3055 67 3115 At
81 3061 199 3116 contra
211 3052 307 3116 nohis
321 3071 462 3115 coenum
476 3051 663 3114 taeterrima
677 3070 779 3131 quom
790 3048 834 3111 sit

25 3154 218 3240 spurcities,
234 3156 348 3217 eadem
358 3154 472 3218 suibus
486 3157 568 3217 haec
578 3156 706 3216 munda
722 3153 868 3237 videtur,

25 3259 259 3326 Insatiabiliter
275 3260 335 3323 toti
348 3269 384 3323 ut
397 3262 575 3323 volvantur
589 3260 726 3324 ibidem.

63 3367 140 3429 Hoc
153 3363 251 3427 etiam
264 3373 427 3448 superest,
439 3365 509 3448 ipsa
521 3386 623 3448 quarn
637 3367 747 3431 dicere
760 3368 802 3430 de
813 3386 851 3430 re

27 3469 229 3558 Aggredior,
242 3472 333 3551 quod
346 3469 528 3533 dicundum
541 3473 632 3554 prius
647 3493 716 3535 esse
733 3471 870 3535 videtur.

28 3574 133 3637 Multa
143 3571 309 3655 foramina
323 3592 426 3654 quom
435 3573 535 3635 variis
548 3574 614 3636 sint
624 3575 752 3637 reddita
767 3575 881 3656 rebus,

29 3678 187 3744 Dissimili
200 3677 287 3740 inter
302 3698 337 3742 se
349 3687 467 3740 natura
482 3677 632 3760 praedita
644 3678 766 3739 debent
781 3720 784 3724 -

31 3782 116 3869 lese,
132 3795 166 3851 et
178 3786 302 3853 habere
315 3807 410 3858 suam
421 3795 577 3852 naturam
589 3805 753 3871 quaeque,
764 3783 914 3867 viasque«
