2572 4732
162 352 220 415 rso
374 335 439 399 DE
463 334 650 398 RERUM
679 333 889 399 NATURA
952 356 983 399 v.
1006 337 1077 419 629.

197 480 345 565 Deinde,
361 482 514 566 voluptas
527 488 726 560 notescam,
739 475 935 562 finepalati3
1033 476 1036 481 ’

159 592 272 675 Quom
285 607 367 651 vero
379 589 532 651 morsum
545 607 606 669 per
618 584 740 650 fauceis
751 582 999 668 praecipitavit,

158 693 258 756 Nulla
269 691 422 775 voluptas
434 699 496 772 est,
512 691 593 754 dum
609 689 734 753 diditur
747 689 857 754 omnis
868 688 906 752 in
918 697 1025 752 artus:

50 842 60 849 -
159 802 228 865 Nec
244 799 345 864 refert
358 797 558 880 quidquam,
570 815 638 878 quo
654 794 744 860 rictu
763 814 882 880 corpus
894 796 1013 874 alatur,

159 904 369 984 Dummodo,
386 904 477 984 quod
491 901 619 986 capias,
637 911 831 967 concoctum
844 900 958 965 didere
970 898 1077 985 possis

160 1013 320 1097 Amulius,
333 1021 366 1076 et
374 1011 535 1077 stomachi
544 1014 736 1076 humectum
745 1030 876 1076 servare
885 1018 1046 1072 tenorem.

201 1120 313 1199 Nunc,
328 1115 403 1182 aliis
411 1116 497 1183 alius
511 1110 625 1199 quirit
642 1115 751 1199 cibus,
767 1124 804 1178 ut
814 1114 1000 1194 rideamus,

161 1222 361 1306 Expediarn3
376 1242 535 1306 quareve,
552 1221 626 1286 aliis
638 1222 729 1305 quod
745 1220 835 1285 triste
848 1228 881 1283 et
893 1220 1123 1301 amarum'ast,

162 1328 236 1391 Hoc
246 1335 357 1393 tamen
370 1346 440 1392 csse
452 1326 526 1391 aliis
538 1326 639 1410 'pouit
653 1326 810 1409 perdulce
824 1320 940 1385 videri.

163 1434 334 1514 Tantaque
344 1432 381 1496 in
390 1431 444 1496 his
457 1434 555 1496 rebus
565 1427 720 1495 distantia
733 1423 956 1509 differitasque
969 1434 1033 1509 est,

163 1538 225 1619 Ut,
243 1537 334 1617 quod
346 1530 409 1600 alis
417 1535 511 1600 cibus
520 1544 587 1616 est,
598 1531 671 1596 aliis
686 1531 757 1594 luat
773 1548 850 1594 acre
865 1550 1040 1593 venenum.

21 1678 24 1685 ·
137 1688 144 1693 -
164 1644 221 1705 Est
232 1642 360 1725 itaque,
370 1653 409 1706 ut
419 1662 571 1725 serpens,
584 1639 728 1703 honrinis
739 1658 825 1719 quae
835 1646 917 1701 tacta
928 1635 1040 1701 salivis

162 1745 326 1828 Disperit,
339 1764 379 1810 ac
391 1764 461 1810 sese
471 1745 666 1807 mandundo
679 1740 810 1808 conficit
822 1740 905 1826 ipse.

164 1850 353 1929 Praeterea,
366 1846 463 1913 nobis
473 1856 641 1910 veratrum
658 1854 706 1910 est
720 1864 796 1910 acre
810 1865 991 1928 venenum,

144 2007 147 2012 .
164 1956 208 2021 At
220 1954 327 2037 capris
336 1952 451 2039 adipes
465 1963 497 2018 et
508 1951 731 2018 coturnicibus
747 1960 858 2039 auget.
1061 1949 1125 2027 642

159 2052 162 2057 ¹
206 2062 246 2126 ld
259 2060 380 2144 quibus
391 2070 429 2125 ut
441 2060 499 2126 fiat
512 2062 610 2124 rebus
627 2078 824 2147 cognoscere
835 2056 955 2142 possis,

166 2167 336 2252 Principio
346 2166 533 2233 meminisse
546 2171 652 2252 decet,
662 2187 746 2251 quae
757 2167 901 2232 diximus
911 2174 1003 2248 ante,

168 2271 301 2365 Sejina
314 2272 518 2336 multimodis
531 2271 567 2336 in
578 2275 677 2336 rebus
693 2272 796 2335 mixta
810 2271 921 2334 teneri.

169 2375 273 2438 Porro
284 2394 413 2457 omnes,
426 2393 642 2457 quaecunque
651 2373 762 2437 cibum
772 2372 922 2457 capiunt,
930 2371 1129 2459 animantes,

168 2480 214 2542 Ut
225 2488 302 2543 sunt
311 2478 484 2555 dissimiles
497 2479 755 2562 extrinsecus‚et
763 2477 945 2567 generatim
1008 2485 1010 2489 ’

88 2594 91 2603 “
169 2584 299 2649 Extima
309 2584 535 2648 membrorum
550 2586 807 2651 circumcaesura
820 2591 963 2667 coercet,

169 2687 313 2752 Proinde
323 2694 355 2750 et
363 2686 542 2752 seminibus
554 2690 924 2773 constant‚variantque
937 2690 1054 2775 figura.
1124 2746 1128 2750 .

169 2794 305 2858 Semina
316 2812 420 2876 quom
429 2812 530 2877 porro
541 2794 677 2888 distent,
688 2794 822 2862 differre
833 2819 961 2863 necesse
971 2807 1019 2863 est
1140 2786 1148 2812 '

170 2899 363 2979 Intervalla,
374 2895 524 2980 viasque,
537 2897 701 2963 foramina
716 2921 800 2982 quae
811 2901 1038 2984 perhibemus,
1117 2906 1120 2911 ’

173 2984 338 3068 Omnibus
348 3002 385 3066 in
398 3002 569 3086 memhris,
580 3012 613 3068 et
626 3004 662 3068 in
672 3026 747 3088 ore,¹
755 3007 893 3090 ipsoque
904 3008 1026 3090 palato.

173 3109 249 3172 Esse
262 3108 393 3171 minora
401 3107 504 3196 igitur
512 3112 676 3192 quaedam
691 3111 881 3192 maioraque
892 3114 1030 3190 dehent;

173 3217 251 3281 Esse
264 3215 421 3297 triquetra
435 3215 522 3297 aliis,
533 3215 607 3280 aliis
619 3219 778 3295 quadrata
794 3238 924 3283 necesse
936 3229 997 3299 θεῖς

173 3322 280 3383 Multa
290 3321 447 3402 rotunda,
458 3319 565 3382 modis
578 3318 689 3383 multis
700 3322 906 3407 multangula
916 3322 1089 3403 quaedams

174 3428 324 3507 Namque
334 3423 513 3513 figurarum
525 3425 610 3489 ratio
621 3434 658 3490 ut
669 3435 843 3509 motusque
852 3436 1046 3512 reposcunt,

172 3531 316 3595 Proinde
325 3530 544 3596 foraminibus
557 3533 678 3597 debent
689 3529 822 3597 differre
835 3532 978 3620 figurae3

176 3637 217 3699 Et
226 3637 354 3701 variare
363 3637 603 3722 vlae,‚proinde
615 3658 654 3702 ac
666 3648 793 3703 textura
804 3643 941 3703 coercet.

73 3742 78 3755 “
176 3742 263 3822 Hoc,
277 3741 335 3804 uhi
346 3744 437 3824 quod
447 3762 549 3809 suave
561 3751 609 3809 est
620 3742 709 3827 aliis,
719 3741 793 3809 aliis
806 3740 845 3807 fit
859 3761 1029 3809 amarum:
