2572 4732
288 365 732 445 Llssssnv.v.754.
817 336 823 347 ‘
930 363 986 443 187

34 507 197 575 Obiieiens
211 528 344 572 caecum
358 505 458 570 radiis
471 505 662 568 ardentibus
673 500 810 566 orbem?

33 615 192 698 Tempore
202 615 318 677 eodem
330 611 422 674 aliud
433 611 540 673 lacere
551 608 586 670 id
598 627 666 670 non
679 620 773 689 posse
783 611 916 687 putetur

31 721 173 801 Corpus,
186 720 276 799 quod
289 738 416 780 cassum
434 718 565 779 labatur
577 711 705 775 lumine
720 709 872 792 semper?

63 822 189 900 Solque
202 841 278 884 suos
289 819 388 882 etiam
404 818 568 881 dimittere
581 815 758 904 languidus
772 812 879 900 igneis

28 925 189 1008 Tempore
203 948 261 988 cur
274 934 363 988 certo
376 935 536 1008 nequeat,
552 943 765 1004 recreareque
775 924 904 1001 lumen,

28 1028 135 1111 Quom
147 1028 221 1090 loea
235 1025 417 1110 praeteriit,
433 1026 573 1089 flammis
588 1026 721 1108 infesta,
736 1048 796 1109 per
805 1045 916 1108 auras,

27 1134 118 1219 Quae
130 1133 255 1196 faciunt
267 1132 373 1220 igneis
386 1132 598 1218 interstingui
615 1143 713 1212 atque
724 1132 855 1214 perire?

60 1243 102 1305 Et
112 1265 172 1306 cur
185 1253 270 1306 terra
285 1252 384 1324 queat
398 1245 512 1305 lunam
525 1240 666 1325 spoliare
681 1239 824 1304 vicissim

22 1348 181 1431 Lumine,
195 1358 227 1411 et
237 1367 431 1431 oppressum
447 1347 569 1427 solem,
582 1365 682 1427 super
693 1343 780 1426 ipsa,
797 1352 929 1424 tenere,

24 1459 190 1520 Menstrua
204 1457 284 1518 dum
298 1454 420 1543 rigidas
432 1452 507 1516 coni
520 1450 704 1536 perlabitur
713 1451 860 1525 umbras;

23 1560 187 1645 Tempore
199 1563 316 1624 eodem
332 1559 424 1621 aliud
439 1567 787 1638 nequeatsuecurrere
801 1557 900 1618 lunae

25 1671 170 1751 Corpus,
186 1670 239 1730 vel
250 1688 350 1750 supra
364 1666 443 1729 solis
455 1664 622 1751 perlabier
636 1666 767 1747 orbem,

24 1773 120 1857 Quod
135 1773 244 1835 radios
259 1773 489 1854 interrumpat,
508 1773 689 1853 lumenque
703 1767 898 1852 profusum?

60 1880 102 1940 Et
115 1888 241 1960 tamen,
258 1878 329 1962 ipsa
344 1898 405 1941 suo
423 1877 453 1966 si
465 1879 571 1964 fulget
589 1878 669 1939 luna
685 1876 811 1957 nitore,

23 1985 89 2047 Cur
102 1995 243 2066 nequeat
262 1993 350 2046 certa
367 1983 484 2064 mundi
499 1983 713 2067 languescere
725 1990 835 2063 parte,

21 2088 109 2153 Dum
124 2090 213 2171 loca,
227 2087 409 2151 luminibus
422 2087 567 2170 propriis
580 2085 732 2167 inimica,
745 2106 806 2168 per
818 2083 909 2147 exit?
921 2087 979 2167 769

57 2199 160 2284 Quod
169 2204 330 2279 superest,
341 2195 516 2279 quoniam,
527 2195 640 2283 magni
650 2217 710 2280 per
720 2195 852 2258 caerula
861 2194 980 2258 mundi

20 2301 94 2384 Qua
108 2297 180 2363 fieri
191 2298 351 2381 quidquid
363 2307 471 2383 posset
483 2298 627 2380 ratione,
637 2297 776 2362 resolvi:
807 2303 814 2315 '

20 2403 103 2467 Solis
117 2403 167 2465 uti
182 2402 290 2466 varios
308 2424 437 2485 cursus,
451 2405 617 2487 lunaeque
630 2413 772 2485 meatus,

19 2507 160 2574 Noseere
172 2527 356 2590 possemus,
370 2527 454 2588 quae
471 2509 520 2573 vis
533 2521 566 2573 et
582 2530 679 2574 eausa
691 2509 808 2573 cieret:

19 2614 137 2698 Quove
149 2613 249 2674 modo
264 2613 393 2675 soleant
403 2607 523 2676 offecto
536 2612 665 2676 lumine
678 2613 790 2698 obire,

18 2716 58 2779 Et
73 2736 135 2779 nec
147 2715 329 2798 opinanteis
345 2718 487 2782 tenebris
504 2719 669 2781 obducere
689 2727 805 2796 terras;

18 2822 130 2907 Quom
146 2821 240 2901 quasi
252 2823 446 2903 connivent,
460 2831 493 2884 et
507 2830 621 2904 aperto
634 2819 762 2883 lumine
774 2840 908 2883 rursum

18 2925 142 2989 Omnia
157 2925 333 2990 convisunt
345 2927 434 2988 clara
449 2926 522 2989 loca
537 2925 677 2988 eandida
693 2926 786 2986 luce:

15 3035 47 3097 N
48 3056 114 3097 une
126 3038 225 3099 redeo
237 3038 279 3098 ad
296 3035 412 3096 mundi
423 3031 618 3115 novitatem,
636 3042 668 3095 et
681 3032 796 3094 mollia
809 3041 913 3097 terrae

16 3135 124 3214 Arva3
143 3158 230 3200 novo
245 3139 312 3201 ictu
327 3137 409 3219 quid
426 3137 573 3221 primum
588 3136 624 3199 in
637 3137 774 3200 luminis
790 3157 864 3201 oras
903 3196 906 3202 ,

15 3245 165 3328 Tollere,
182 3257 214 3309 et
227 3246 360 3310 incertis
378 3248 515 3309 credunt
531 3243 736 3308 committere
747 3245 864 3307 ventis.

55 3345 239 3430 Principio,
254 3370 358 3434 genus
371 3350 566 3430 herbarum,
581 3345 790 3427 viridemque
802 3346 960 3430 nitorem,

10 3450 118 3513 Terra
131 3451 223 3513 dedit
232 3451 357 3515 circum
368 3453 494 3530 colleis;
509 3471 707 3534 camposque
717 3472 777 3535 per
787 3452 914 3517 omneis

14 3556 148 3621 Florida
161 3557 325 3619 fulserunt
337 3557 494 3621 viridanti
508 3554 603 3641 prata
616 3562 743 3622 coloret

15 3665 262 3747 Arboribusque
279 3669 392 3754 datum
405 3644 452 3730 e⁰st
470 3667 570 3732 variis
584 3667 702 3730 exinde
714 3689 775 3751 per
786 3686 881 3735 auras

17 3770 199 3835 Crescundi
210 3792 370 3859 maguum
384 3769 537 3838 immissis
549 3783 715 3840 certamen
727 3776 875 3841 habenis.
