2550 4726
177 516 191 567 t

286 392 325 440 20
490 372 557 436 nn
579 368 769 433 nunuu
793 369 1015 432 uerunt
1075 388 1108 428 v.
1130 367 1201 444 504.

323 511 503 597 Principio,
515 509 673 592 quoniam
682 511 805 594 duplex
816 517 934 580 natura
946 512 1089 574 duarum

282 621 455 691 Dissimilis
470 640 581 685 rerum
597 622 698 709 longe
710 629 859 700 constare
875 631 1006 704 reperta
1020 629 1083 703 est,

282 729 451 814 Corporis,
462 741 560 810 atque
569 726 650 808 loci,
668 725 777 790 resin
787 744 854 806 quo
864 744 1015 806 quaeque
1024 729 1203 811 gerunture

281 840 357 902 Esse
369 846 543 917 utramque
558 832 622 897 sibi
634 852 751 916 perse,
768 848 954 915 puramque
963 876 973 912 ,
983 848 1114 894 necesse
1121 839 1188 892 est:

279 945 362 1006 Nam
372 958 567 1022 quacunque
579 948 674 1003 vacat
683 937 841 1021 epatium,
854 938 945 1019 quod
954 935 1054 1000 inane
1060 933 1251 1014 voeaniuar

279 1048 406 1130 Corpus
422 1063 544 1109 canon
554 1053 619 1109 eat:
633 1063 700 1127 qua
712 1063 814 1127 porno
830 1062 961 1122 cunque
975 1051 1063 1105 tenet
1075 1063 1110 1105 ee

277 1154 417 1235 Corpus,
429 1170 467 1214 ea
477 1170 619 1214 vacuum
636 1168 846 1232 nequaquam
857 1158 983 1213 constat
995 1146 1104 1212 inane.

276 1258 359 1321 Sunt
372 1256 474 1341 igitur
485 1256 606 1335 solida,
619 1274 658 1318 ac
672 1249 742 1319 sine
754 1253 865 1336 inani,
883 1271 1023 1335 corpora
1032 1249 1154 1335 prima.

316 1368 502 1441 Praeterea,
515 1361 673 1444 quoniam
688 1360 805 1448 genitis
822 1360 858 1423 in
868 1362 966 1424 rebus
975 1359 1074 1422 inane
1083 1368 1152 1440 eat,

274 1467 444 1532 Materiem
457 1468 581 1530 circum
590 1464 730 1528 solidam
742 1466 891 1528 conitere
908 1482 1038 1527 necesse
1048 1471 1114 1530 est:

273 1573 303 1634 N
304 1593 341 1634 eo
354 1592 405 1634 res
420 1571 490 1631 ulla
500 1577 605 1650 potest
617 1585 695 1629 vera
709 1564 836 1629 rati0ne
847 1563 983 1648 probari

274 1673 419 1754 Corpore
433 1670 532 1732 inane
544 1691 606 1734 auo
619 1672 726 1734 celare
739 1680 836 1752 atque
849 1670 938 1743 intus
949 1672 1088 1752 habere,

272 1771 307 1832 Si
319 1789 401 1851 non,
415 1775 505 1852 quod
524 1771 674 1855 cohibet,
690 1775 833 1837 solidum
848 1785 996 1839 constare
1008 1775 1191 1857 relinquas.

272 1877 311 1939 Id
323 1897 425 1959 porro
438 1879 523 1941 nihil
534 1899 602 1944 esse
616 1888 737 1963 potest,
751 1879 814 1942 nisi
824 1880 974 1944 materiai

151 2026 154 2035 s
272 1983 475 2066 Concilium,
493 1987 583 2065 qnod
595 1985 694 2047 inane
709 1994 807 2065 queat
824 1995 944 2049 tectum
962 1986 1126 2053 nohibere.

270 2089 422 2155 Materies
433 2070 667 2186 igitur,³solidn
678 2109 762 2170 quae
774 2102 912 2173 corpore
923 2102 1062 2175 constat,
1168 2097 1231 2182 ⁵²9

270 2197 347 2258 Esse
355 2204 489 2258 aeterna
499 2203 621 2276 potest,
641 2198 744 2272 quom
761 2200 868 2254 cetera
886 2193 1117 2262 dissolvantur.
1196 2246 1199 2251 ,
1223 2244 1227 2251 .

311 2301 398 2361 Tum
412 2317 532 2382 porro,
548 2296 634 2360 sinii
648 2307 744 2378 esset,
759 2298 849 2378 quod
864 2296 963 2363 inane
979 2313 1128 2388 vacaret,

271 2410 379 2471 Omne
391 2408 475 2470 foret
487 2405 651 2470 solidum:
671 2403 735 2468 nisi
746 2414 860 2468 contra
874 2426 1014 2491 corpora
1028 2423 1118 2475 certa

270 2518 397 2598 Essent,
419 2533 504 2596 quae
514 2514 588 2576 loca
598 2513 813 2595 eomplerent,
830 2533 1045 2598 quaecunque
1057 2527 1224 2604 teneoent3

213 2692 216 2699 ,
269 2625 393 2703 Omne,
404 2624 494 2702 quod
508 2628 570 2700 est,
581 2619 739 2702 spatium,
750 2641 891 2685 vacuum
904 2634 1065 2689 constatet
1077 2624 1191 2693 inane.

267 2722 411 2786 Alternis
423 2721 525 2808 igitur
538 2721 699 2784 nimirum
714 2743 832 2806 corpus
845 2724 938 2790 inani

265 2828 481 2910 Distinctum3
502 2829 661 2912 quoniam
675 2848 736 2892 nec
749 2831 885 2912 plenum
896 2833 1046 2920 gnaviter
1059 2844 1182 2920 exstat,

265 2935 334 2996 Nec
349 2953 449 3016 porro
464 2954 623 2997 vacuum:
637 2944 715 2997 sunt
728 2954 807 3021 ergo
823 2956 962 3020 corpora
980 2947 1085 3023 certa,

264 3045 359 3127 Quae
370 3041 512 3126 spatium
526 3042 628 3124 pleno
645 3040 769 3124 possint
780 3043 981 3129 distinguere
998 3047 1108 3112 inane.

304 3152 393 3211 Haec
404 3169 512 3228 neque
526 3148 660 3214 dissolvi
676 3148 800 3234 plagia,
819 3150 1019 3219 extrinsecus
1034 3154 1115 3239 icta,

262 3254 413 3328 Possunt3
427 3271 489 3312 nec
506 3268 621 3332 porro,
632 3251 763 3332 penitus
773 3264 961 3340 penetrata,
973 3258 1095 3338 retexi,
1161 3302 1166 3309 -

259 3360 326 3419 Nec
338 3357 465 3419 ratione
480 3363 605 3435 queunt
620 3355 687 3419 alia
702 3365 821 3418 tentata
835 3358 968 3424 labaret

259 3462 298 3521 Id
308 3462 399 3541 quod
411 3457 477 3521 iam
488 3479 586 3540 supra
598 3457 659 3522 tihi
673 3460 788 3541 paullo
801 3462 1100 3541 ostendimusante.

257 3567 341 3624 Nam
352 3585 459 3646 neque
470 3563 595 3629 conlidi
609 3563 679 3629 sine
692 3563 785 3629 inani
800 3586 894 3651 posse
905 3569 1036 3636 videtur

254 3666 457 3752 Quidquam,
479 3692 539 3733 nec
552 3670 676 3756 frangi,
696 3692 757 3734 nec
771 3670 853 3736 findi
870 3673 906 3740 in
922 3674 1001 3739 hina
1015 3682 1177 3746 secando:

255 3776 321 3834 Nec
333 3792 450 3856 capere
459 3776 651 3871 humorem,
671 3798 779 3858 noque
789 3778 868 3843 item
878 3782 1044 3857 manabile
1053 3786 1174 3875 frigus,
1210 3814 1215 3827 ¹
