2550 4726
232 134 289 196 ιω
447 129 510 192 uu
537 73 957 192 assumserunt
1022 133 1140 203 mn.

229 274 309 337 Pars
325 270 439 352 etiam,
452 270 603 335 distracta
616 288 677 351 per
688 276 794 347 artus,
809 284 879 332 nou
890 269 990 346 queat
998 280 1070 325 esse
1146 308 1160 347 Ι,

231 374 415 457 Coniuncta
424 372 511 437 inter
522 392 571 454 se,
586 392 693 453 neque
704 380 795 435 motu
806 377 921 433 mutua
930 364 1048 454 fungis

229 477 320 543 Inter
333 476 423 540 enim
437 476 541 559 saepit
551 475 659 538 aditus
670 483 787 537 natura
800 472 944 554 viasque.
1016 549 1019 555 .

230 583 317 667 Ergo
330 601 441 642 sensus
454 580 540 661 abit,
551 578 686 647 mutatis
697 577 855 659 motibus,
871 577 946 639 alte.

231 689 271 749 Et
282 685 441 767 quoniam
452 696 595 766 nonest,
608 685 702 766 quasi
714 685 805 766 quod
814 679 981 748 suffulciat
990 688 1097 763 artrrs,

232 789 352 852 Debile
363 787 400 850 fit
411 810 544 874 eorpus,
558 792 837 877 languescuntque
850 785 964 850 omnia
977 787 1143 848 membra:

231 889 368 955 Brachia
381 891 624 973 palpebraeque
635 893 769 970 cadunt,
783 888 990 975 poplitesque
999 884 1134 952 cubanti

232 996 335 1077 Saepe
351 1005 438 1056 tama
453 994 719 1076 summittuntur,
732 993 896 1074 vireisque
908 993 1089 1067 resolvunt.

272 1101 401 1165 Deinde
411 1099 521 1164 cibum
529 1100 831 1182 sequitursomnus,
841 1097 930 1180 quia,
938 1114 1025 1178 quae
1035 1096 1114 1160 facit
1121 1098 1260 1176 ati-3

233 1210 325 1271 Haec
340 1209 455 1294 eadem
466 1205 575 1288 cibus,
595 1205 631 1269 in
643 1223 743 1273 venas
757 1206 837 1267 dum
855 1201 980 1264 diditur
993 1201 1136 1284 omneis,

235 1308 357 1373 Efficit:
373 1321 406 1397 et
418 1312 523 1372 multo
535 1328 635 1391 sopor
646 1306 704 1370 ille
717 1306 937 1392 gravissumus
949 1313 1069 1385 exstat,

235 1415 343 1497 Quem
352 1424 456 1493 satur,
466 1424 521 1473 aut
531 1413 648 1490 lassus,
662 1410 785 1492 capias;
800 1408 878 1490 quia
887 1408 1033 1491 plurima
1042 1417 1152 1474 tumsc

122 1562 134 1609 ·.
236 1520 384 1599 Corpora
398 1519 610 1597 conturbant,
629 1535 751 1600 magno
764 1525 899 1585 contusa
913 1514 1037 1580 labore.

236 1619 288 1681 Fit
302 1618 430 1682 ratione
445 1620 559 1684 eadem
575 1619 739 1683 coniectus
753 1626 845 1699 parte
861 1615 986 1681 animai

236 1723 358 1806 Altior,
376 1732 474 1804 atque
485 1723 573 1786 foras
586 1722 707 1786 eiectus
716 1721 840 1809 largior
850 1721 921 1785 eius
926 1767 937 1802 ,

236 1826 278 1889 Et
293 1825 428 1889 divisior
441 1824 527 1889 inter
539 1847 590 1909 se,
607 1845 646 1894 ac
660 1825 860 1908 distractior,
876 1824 976 1903 intus,
1127 1819 1256 1910 95²

278 1931 333 2009 Et,
343 1949 410 2010 quo
421 1930 560 2011 quisque
568 1931 636 1994 fere
648 1929 755 1994 studio
765 1930 936 1994 defunctus
945 1929 1118 2013 adhaeret,

237 2039 304 2101 Aut
313 2037 477 2117 quihusin
485 2039 583 2101 rebus
594 2036 736 2100 multum
749 2055 861 2100 sumus
875 2044 951 2098 aute
966 2035 1102 2118 morati,

237 2143 344 2235 Atque
358 2139 394 2206 iu
408 2161 447 2204 ea
463 2141 591 2206 ratione
609 2140 672 2205 luit
691 2151 843 2207 contenta
855 2140 961 2229 magis
974 2162 1086 2223 mena
1115 2184 1121 2198 ·
1143 2206 1146 2214 ,
1231 2189 1248 2199 .

237 2251 279 2315 Iu
290 2251 413 2314 somnis
424 2253 539 2315 eadem
552 2254 747 2335 plerumque
759 2250 911 2313 videmur
926 2248 1046 2314 obires.

112 2364 123 2388 ‘
169 2415 171 2420 .
240 2357 405 2420 Causidici
417 2375 529 2423 causas
543 2377 655 2442 agere,
672 2368 703 2419 et
715 2350 912 2438 componere
924 2356 1030 2441 legea3
1127 2410 1130 2417 .

238 2462 491 2543 Induperatores
508 2481 671 2548 pugnare,
685 2482 724 2525 ac
736 2463 862 2544 proelia
878 2462 990 2540 obire3
1032 2500 1038 2509 ·
1076 2468 1088 2495 ‘

239 2571 365 2631 Nautae
379 2577 582 2633 contractum
595 2590 670 2631 cum
681 2568 787 2633 ventis
799 2571 918 2658 degere
928 2571 1071 2646 belluim

240 2679 305 2740 Nos
316 2696 414 2761 agere
424 2679 488 2740 hoc
498 2684 622 2757 autem,
638 2685 669 2738 et
682 2686 833 2740 naturam
843 2695 1001 2757 quaerere
1010 2693 1123 2736 rerum

239 2782 387 2864 Semper,
399 2791 430 2844 ct
441 2781 608 2844 inventam
620 2778 734 2862 patriis
744 2799 908 2861 exponere
921 2776 1051 2841 chartis.

280 2888 394 2949 Cetera
406 2886 452 2950 sic
462 2885 568 2951 studia
579 2894 676 2966 atque
687 2895 771 2949 artes
782 2887 979 2968 plerumque
990 2882 1144 2947 videntur
1212 2877 1270 2921 ff

238 2992 279 3057 In
287 2994 410 3056 somnis
420 2993 547 3055 animos
557 2994 732 3056 hominurn
745 2991 899 3054 frustrata
909 2999 1030 3053 tenere.

238 3099 296 3182 Et,
309 3082 498 3185 quicunque
507 3098 575 3160 dies
587 3099 707 3161 multos
717 3117 757 3159 ex
769 3096 887 3160 ordine
900 3098 988 3164 ludis

239 3201 399 3264 Adsiduas
409 3200 559 3262 dederint
573 3219 704 3280 operas,
718 3199 913 3281 plerumque
924 3193 1090 3287 pidemus‘,

240 3305 349 3388 Quom
362 3305 429 3373 iam
440 3305 632 3373 destiterunt
643 3327 682 3374 ea
697 3306 844 3373 sensibus
859 3329 1037 3393 usurpare,

239 3408 395 3490 Reliqitas
410 3422 519 3477 tamen
530 3432 598 3479 esse
608 3410 678 3475 vias
689 3412 725 3475 in
739 3421 848 3476 mente
864 3412 1041 3498 patenteis,

240 3513 314 3613 Qua
330 3515 454 3599 possint
464 3519 579 3582 eadem
587 3538 699 3582 rerum
712 3516 888 3583 simulacra
897 3518 1021 3585 venire.
