<?xml version="1.0" encoding="UTF-8"?>
<!DOCTYPE html PUBLIC "-//W3C//DTD XHTML 1.0 Transitional//EN"
    "http://www.w3.org/TR/xhtml1/DTD/xhtml1-transitional.dtd">
<html xmlns="http://www.w3.org/1999/xhtml" xml:lang="en" lang="en">
 <head>
  <title>
</title>
<meta http-equiv="Content-Type" content="text/html;charset=utf-8" />
  <meta name='ocr-system' content='tesseract 3.04.00' />
  <meta name='ocr-capabilities' content='ocr_page ocr_carea ocr_par ocr_line ocrx_word'/>
</head>
<body>
  <div class='ocr_page' id='page_1' title='image "./dererumnaturali00carugoog_0013.png"; bbox 0 0 2550 4726; ppageno 0'>
   <div class='ocr_carea' id='block_1_1' title="bbox 246 326 1093 447">
    <p class='ocr_par' dir='ltr' id='par_1_1' title="bbox 246 326 1093 447">
     <span class='ocr_line' id='line_1_1' title="bbox 246 326 1093 447; baseline -0.021 -33"><span class='ocrx_word' id='word_1_1' title='bbox 246 358 293 447; x_wconf 58' lang='lat' dir='ltr'>gt</span> <span class='ocrx_word' id='word_1_2' title='bbox 415 326 975 406; x_wconf 53' lang='lat' dir='ltr'>&lt;T.LUCRETII</span> <span class='ocrx_word' id='word_1_3' title='bbox 1091 348 1093 357; x_wconf 92' lang='lat'>·</span> 
     </span>
    </p>
   </div>
   <div class='ocr_carea' id='block_1_2' title="bbox 244 490 1219 823">
    <p class='ocr_par' dir='ltr' id='par_1_2' title="bbox 244 490 1219 823">
     <span class='ocr_line' id='line_1_2' title="bbox 244 490 1219 601; baseline -0.007 -29"><span class='ocrx_word' id='word_1_4' title='bbox 244 524 331 601; x_wconf 86' lang='lat' dir='ltr'>gens</span> <span class='ocrx_word' id='word_1_5' title='bbox 352 498 516 569; x_wconf 83' lang='lat' dir='ltr'>Lucretia</span> <span class='ocrx_word' id='word_1_6' title='bbox 541 522 653 590; x_wconf 88' lang='lat' dir='ltr'>quarn</span> <span class='ocrx_word' id='word_1_7' title='bbox 678 497 767 566; x_wconf 84' lang='lat' dir='ltr'>clara</span> <span class='ocrx_word' id='word_1_8' title='bbox 785 509 896 588; x_wconf 91' lang='lat' dir='ltr'>atque</span> <span class='ocrx_word' id='word_1_9' title='bbox 918 493 1065 587; x_wconf 86' lang='lat' dir='ltr'>antiqua</span> <span class='ocrx_word' id='word_1_10' title='bbox 1085 490 1219 584; x_wconf 83' lang='lat' dir='ltr'>fuerit,</span> 
     </span>
     <span class='ocr_line' id='line_1_3' title="bbox 245 604 1216 708; baseline -0.008 -25"><span class='ocrx_word' id='word_1_11' title='bbox 245 625 458 708; x_wconf 88' lang='lat' dir='ltr'>argumento</span> <span class='ocrx_word' id='word_1_12' title='bbox 487 626 573 680; x_wconf 90' lang='lat' dir='ltr'>sunt</span> <span class='ocrx_word' id='word_1_13' title='bbox 600 604 757 676; x_wconf 90' lang='lat' dir='ltr'>Lucretii</span> <span class='ocrx_word' id='word_1_14' title='bbox 782 605 1007 699; x_wconf 86' lang='lat' dir='ltr'>Tricipitini,</span> <span class='ocrx_word' id='word_1_15' title='bbox 1038 605 1216 693; x_wconf 86' lang='lat' dir='ltr'>Triones,</span> 
     </span>
     <span class='ocr_line' id='line_1_4' title="bbox 246 715 1219 823; baseline -0.009 -28"><span class='ocrx_word' id='word_1_16' title='bbox 246 723 407 808; x_wconf 80' lang='lat' dir='ltr'>ofellae,</span> <span class='ocrx_word' id='word_1_17' title='bbox 433 721 671 815; x_wconf 89' lang='lat' dir='ltr'>Vespillones,</span> <span class='ocrx_word' id='word_1_18' title='bbox 699 715 801 788; x_wconf 89' lang='lat' dir='ltr'>Galli.</span> <span class='ocrx_word' id='word_1_19' title='bbox 823 716 940 823; x_wconf 73' lang='lat' dir='ltr'>Quod</span> <span class='ocrx_word' id='word_1_20' title='bbox 960 739 1047 788; x_wconf 84' lang='lat' dir='ltr'>vero</span> <span class='ocrx_word' id='word_1_21' title='bbox 1064 717 1111 786; x_wconf 87' lang='lat' dir='ltr'>ad</span> <span class='ocrx_word' id='word_1_22' title='bbox 1130 739 1219 812; x_wconf 85' lang='lat' dir='ltr'>cog·</span> 
     </span>
    </p>
   </div>
   <div class='ocr_carea' id='block_1_3' title="bbox 164 825 1224 2238">
    <p class='ocr_par' dir='ltr' id='par_1_3' title="bbox 164 825 1224 2238">
     <span class='ocr_line' id='line_1_5' title="bbox 246 825 1219 917; baseline -0.01 -10"><span class='ocrx_word' id='word_1_23' title='bbox 246 859 385 908; x_wconf 90' lang='lat' dir='ltr'>nomen</span> <span class='ocrx_word' id='word_1_24' title='bbox 412 832 556 917; x_wconf 81' lang='lat' dir='ltr'>attinet,</span> <span class='ocrx_word' id='word_1_25' title='bbox 579 825 717 901; x_wconf 84' lang='lat' dir='ltr'>tametsi</span> <span class='ocrx_word' id='word_1_26' title='bbox 739 828 847 901; x_wconf 84' lang='lat' dir='ltr'>rarius</span> <span class='ocrx_word' id='word_1_27' title='bbox 872 831 911 900; x_wconf 90' lang='lat' dir='ltr'>in</span> <span class='ocrx_word' id='word_1_28' title='bbox 939 825 1070 912; x_wconf 81' lang='lat' dir='ltr'>Fastir,</span> <span class='ocrx_word' id='word_1_29' title='bbox 1096 843 1133 898; x_wconf 88' lang='lat' dir='ltr'>et</span> <span class='ocrx_word' id='word_1_30' title='bbox 1156 851 1219 898; x_wconf 89' lang='lat' dir='ltr'>ce·</span> 
     </span>
     <span class='ocr_line' id='line_1_6' title="bbox 247 935 1220 1030; baseline -0.01 -16"><span class='ocrx_word' id='word_1_31' title='bbox 247 942 329 1014; x_wconf 86' lang='lat' dir='ltr'>teris</span> <span class='ocrx_word' id='word_1_32' title='bbox 349 936 595 1010; x_wconf 87' lang='lat' dir='ltr'>monumentis</span> <span class='ocrx_word' id='word_1_33' title='bbox 610 951 831 1030; x_wconf 80' lang='lat' dir='ltr'>compareat,</span> <span class='ocrx_word' id='word_1_34' title='bbox 848 935 1054 1008; x_wconf 87' lang='lat' dir='ltr'>Romanurn</span> <span class='ocrx_word' id='word_1_35' title='bbox 1075 959 1147 1006; x_wconf 89' lang='lat' dir='ltr'>esse</span> <span class='ocrx_word' id='word_1_36' title='bbox 1161 950 1220 1004; x_wconf 89' lang='lat' dir='ltr'>ta-</span> 
     </span>
     <span class='ocr_line' id='line_1_7' title="bbox 246 1036 1220 1144; baseline -0.011 -19"><span class='ocrx_word' id='word_1_37' title='bbox 246 1076 334 1125; x_wconf 88' lang='lat' dir='ltr'>men</span> <span class='ocrx_word' id='word_1_38' title='bbox 348 1068 383 1121; x_wconf 89' lang='lat' dir='ltr'>et</span> <span class='ocrx_word' id='word_1_39' title='bbox 398 1056 443 1120; x_wconf 84' lang='lat' dir='ltr'>ex</span> <span class='ocrx_word' id='word_1_40' title='bbox 457 1048 583 1144; x_wconf 67' lang='lat' dir='ltr'>Elegiis</span> <span class='ocrx_word' id='word_1_41' title='bbox 603 1036 787 1133; x_wconf 73' lang='lat' dir='ltr'>nonnullis</span> <span class='ocrx_word' id='word_1_42' title='bbox 808 1047 842 1114; x_wconf 92' lang='lat' dir='ltr'>P.</span> <span class='ocrx_word' id='word_1_43' title='bbox 859 1046 1002 1134; x_wconf 82' lang='lat' dir='ltr'>Ovidii,</span> <span class='ocrx_word' id='word_1_44' title='bbox 1019 1063 1111 1116; x_wconf 79' lang='lat' dir='ltr'>etex</span> <span class='ocrx_word' id='word_1_45' title='bbox 1128 1043 1220 1137; x_wconf 86' lang='lat' dir='ltr'>Epi-</span> 
     </span>
     <span class='ocr_line' id='line_1_8' title="bbox 164 1152 1219 1259; baseline -0.007 -28"><span class='ocrx_word' id='word_1_46' title='bbox 164 1184 166 1188; x_wconf 63' lang='lat'><strong><em>‘</em></strong></span> <span class='ocrx_word' id='word_1_47' title='bbox 210 1176 212 1180; x_wconf 83' lang='lat'>&#39;</span> <span class='ocrx_word' id='word_1_48' title='bbox 247 1159 450 1259; x_wconf 84' lang='lat' dir='ltr'>grammatis</span> <span class='ocrx_word' id='word_1_49' title='bbox 472 1159 525 1228; x_wconf 91' lang='grc' dir='ltr'>Μ.</span> <span class='ocrx_word' id='word_1_50' title='bbox 545 1156 676 1230; x_wconf 89' lang='lat' dir='ltr'>Valerii</span> <span class='ocrx_word' id='word_1_51' title='bbox 697 1156 880 1244; x_wconf 85' lang='lat' dir='ltr'>Martialis,</span> <span class='ocrx_word' id='word_1_52' title='bbox 902 1156 1099 1252; x_wconf 89' lang='lat' dir='ltr'>intelligere</span> <span class='ocrx_word' id='word_1_53' title='bbox 1118 1152 1219 1226; x_wconf 91' lang='lat' dir='ltr'>licet.</span> 
     </span>
     <span class='ocr_line' id='line_1_9' title="bbox 248 1258 1222 1357; baseline -0.006 -19"><span class='ocrx_word' id='word_1_54' title='bbox 248 1266 321 1338; x_wconf 88' lang='lat' dir='ltr'>Sed</span> <span class='ocrx_word' id='word_1_55' title='bbox 336 1265 505 1337; x_wconf 84' lang='lat' dir='ltr'>credibile</span> <span class='ocrx_word' id='word_1_56' title='bbox 519 1280 587 1353; x_wconf 85' lang='lat' dir='ltr'>est,</span> <span class='ocrx_word' id='word_1_57' title='bbox 600 1265 705 1338; x_wconf 84' lang='lat' dir='ltr'>buius</span> <span class='ocrx_word' id='word_1_58' title='bbox 719 1258 871 1344; x_wconf 85' lang='lat' dir='ltr'>familiae</span> <span class='ocrx_word' id='word_1_59' title='bbox 884 1264 1085 1351; x_wconf 88' lang='lat' dir='ltr'>Lucretios,</span> <span class='ocrx_word' id='word_1_60' title='bbox 1105 1286 1222 1357; x_wconf 90' lang='lat' dir='ltr'>eque·</span> 
     </span>
     <span class='ocr_line' id='line_1_10' title="bbox 248 1374 1222 1471; baseline -0.005 -23"><span class='ocrx_word' id='word_1_61' title='bbox 248 1377 309 1449; x_wconf 86' lang='lat' dir='ltr'>stri</span> <span class='ocrx_word' id='word_1_62' title='bbox 332 1374 457 1446; x_wconf 90' lang='lat' dir='ltr'>ordine</span> <span class='ocrx_word' id='word_1_63' title='bbox 479 1389 688 1462; x_wconf 89' lang='lat' dir='ltr'>contentos,</span> <span class='ocrx_word' id='word_1_64' title='bbox 708 1375 839 1469; x_wconf 93' lang='lat' dir='ltr'>populi</span> <span class='ocrx_word' id='word_1_65' title='bbox 852 1379 1003 1449; x_wconf 89' lang='lat' dir='ltr'>honores</span> <span class='ocrx_word' id='word_1_66' title='bbox 1020 1397 1096 1446; x_wconf 92' lang='lat' dir='ltr'>non</span> <span class='ocrx_word' id='word_1_67' title='bbox 1117 1396 1222 1471; x_wconf 88' lang='lat' dir='ltr'>mag·</span> 
     </span>
     <span class='ocr_line' id='line_1_11' title="bbox 249 1487 1222 1585; baseline -0.004 -25"><span class='ocrx_word' id='word_1_68' title='bbox 249 1513 385 1582; x_wconf 89' lang='lat' dir='ltr'>nopere</span> <span class='ocrx_word' id='word_1_69' title='bbox 405 1488 593 1582; x_wconf 88' lang='lat' dir='ltr'>expetiise:</span> <span class='ocrx_word' id='word_1_70' title='bbox 615 1489 717 1585; x_wconf 91' lang='lat' dir='ltr'>quod</span> <span class='ocrx_word' id='word_1_71' title='bbox 736 1514 845 1564; x_wconf 88' lang='lat' dir='ltr'>nemo</span> <span class='ocrx_word' id='word_1_72' title='bbox 859 1489 1067 1575; x_wconf 77' lang='lat' dir='ltr'>mirabitur,</span> <span class='ocrx_word' id='word_1_73' title='bbox 1086 1487 1152 1580; x_wconf 89' lang='lat' dir='ltr'>qui</span> <span class='ocrx_word' id='word_1_74' title='bbox 1167 1489 1222 1557; x_wconf 94' lang='lat' dir='ltr'>le·</span> 
     </span>
     <span class='ocr_line' id='line_1_12' title="bbox 249 1596 1220 1699; baseline -0.003 -28"><span class='ocrx_word' id='word_1_75' title='bbox 249 1601 360 1699; x_wconf 89' lang='lat' dir='ltr'>gerit,</span> <span class='ocrx_word' id='word_1_76' title='bbox 381 1603 423 1673; x_wconf 80' lang='lat' dir='ltr'>C.</span> <span class='ocrx_word' id='word_1_77' title='bbox 447 1602 691 1672; x_wconf 88' lang='lat' dir='ltr'>Maecenatem</span> <span class='ocrx_word' id='word_1_78' title='bbox 707 1602 941 1694; x_wconf 86' lang='lat' dir='ltr'>Vipsanium,</span> <span class='ocrx_word' id='word_1_79' title='bbox 968 1625 1053 1672; x_wconf 87' lang='lat' dir='ltr'>curn</span> <span class='ocrx_word' id='word_1_80' title='bbox 1074 1616 1111 1670; x_wconf 92' lang='lat' dir='ltr'>et</span> <span class='ocrx_word' id='word_1_81' title='bbox 1125 1596 1220 1669; x_wconf 86' lang='lat' dir='ltr'>Cae-</span> 
     </span>
     <span class='ocr_line' id='line_1_13' title="bbox 248 1707 1222 1808; baseline -0.003 -28"><span class='ocrx_word' id='word_1_82' title='bbox 248 1711 312 1780; x_wconf 85' lang='lat' dir='ltr'>sari</span> <span class='ocrx_word' id='word_1_83' title='bbox 341 1707 527 1805; x_wconf 86' lang='lat' dir='ltr'>Augusto,</span> <span class='ocrx_word' id='word_1_84' title='bbox 551 1728 586 1780; x_wconf 92' lang='lat' dir='ltr'>et</span> <span class='ocrx_word' id='word_1_85' title='bbox 600 1710 651 1780; x_wconf 85' lang='grc' dir='ltr'>Μ.</span> <span class='ocrx_word' id='word_1_86' title='bbox 664 1710 841 1808; x_wconf 81' lang='lat' dir='ltr'>Agrippae</span> <span class='ocrx_word' id='word_1_87' title='bbox 864 1710 1080 1796; x_wconf 89' lang='lat' dir='ltr'>carissimus,</span> <span class='ocrx_word' id='word_1_88' title='bbox 1104 1712 1222 1800; x_wconf 78' lang='lat' dir='ltr'>atque</span> 
     </span>
     <span class='ocr_line' id='line_1_14' title="bbox 250 1815 1224 1911; baseline -0.012 -16"><span class='ocrx_word' id='word_1_89' title='bbox 250 1815 342 1901; x_wconf 64' lang='lat' dir='ltr'>adeo</span> <span class='ocrx_word' id='word_1_90' title='bbox 366 1817 512 1898; x_wconf 74' lang='lat' dir='ltr'>intimus</span> <span class='ocrx_word' id='word_1_91' title='bbox 537 1833 639 1902; x_wconf 79' lang='lat' dir='ltr'>esset,</span> <span class='ocrx_word' id='word_1_92' title='bbox 666 1816 826 1911; x_wconf 89' lang='lat' dir='ltr'>ideoque</span> <span class='ocrx_word' id='word_1_93' title='bbox 845 1817 1076 1910; x_wconf 82' lang='lat' dir='ltr'>amplissimos</span> <span class='ocrx_word' id='word_1_94' title='bbox 1097 1815 1224 1885; x_wconf 88' lang='lat' dir='ltr'>hono·</span> 
     </span>
     <span class='ocr_line' id='line_1_15' title="bbox 250 1924 1222 2020; baseline -0.003 -21"><span class='ocrx_word' id='word_1_95' title='bbox 250 1950 304 1999; x_wconf 85' lang='lat' dir='ltr'>res</span> <span class='ocrx_word' id='word_1_96' title='bbox 326 1951 473 2020; x_wconf 86' lang='lat' dir='ltr'>capere,</span> <span class='ocrx_word' id='word_1_97' title='bbox 493 1941 604 2020; x_wconf 86' lang='lat' dir='ltr'>atque</span> <span class='ocrx_word' id='word_1_98' title='bbox 630 1928 677 2008; x_wconf 90' lang='lat' dir='ltr'>ad</span> <span class='ocrx_word' id='word_1_99' title='bbox 697 1924 923 1999; x_wconf 87' lang='lat' dir='ltr'>Senatorium</span> <span class='ocrx_word' id='word_1_100' title='bbox 949 1928 1113 2000; x_wconf 88' lang='lat' dir='ltr'>ordinem</span> <span class='ocrx_word' id='word_1_101' title='bbox 1133 1949 1222 2019; x_wconf 88' lang='lat' dir='ltr'>per-</span> 
     </span>
     <span class='ocr_line' id='line_1_16' title="bbox 251 2036 1220 2137; baseline 0.002 -30"><span class='ocrx_word' id='word_1_102' title='bbox 251 2036 374 2109; x_wconf 88' lang='lat' dir='ltr'>venire</span> <span class='ocrx_word' id='word_1_103' title='bbox 398 2055 533 2132; x_wconf 88' lang='lat' dir='ltr'>posset,</span> <span class='ocrx_word' id='word_1_104' title='bbox 557 2055 707 2137; x_wconf 84' lang='lat' dir='ltr'>angusto</span> <span class='ocrx_word' id='word_1_105' title='bbox 730 2057 852 2124; x_wconf 81' lang='lat' dir='ltr'>tamen</span> <span class='ocrx_word' id='word_1_106' title='bbox 877 2043 977 2112; x_wconf 88' lang='lat' dir='ltr'>clavo</span> <span class='ocrx_word' id='word_1_107' title='bbox 999 2055 1220 2126; x_wconf 84' lang='lat' dir='ltr'>contentum</span> 
     </span>
     <span class='ocr_line' id='line_1_17' title="bbox 250 2145 1222 2238; baseline -0.001 -17"><span class='ocrx_word' id='word_1_108' title='bbox 250 2145 366 2221; x_wconf 83' lang='lat' dir='ltr'>fuisse.</span> <span class='ocrx_word' id='word_1_109' title='bbox 389 2147 500 2221; x_wconf 77' lang='lat' dir='ltr'>Licet</span> <span class='ocrx_word' id='word_1_110' title='bbox 524 2150 630 2221; x_wconf 89' lang='lat' dir='ltr'>etiam</span> <span class='ocrx_word' id='word_1_111' title='bbox 655 2148 796 2238; x_wconf 86' lang='lat' dir='ltr'>dicere,</span> <span class='ocrx_word' id='word_1_112' title='bbox 819 2150 1026 2223; x_wconf 87' lang='lat' dir='ltr'>Lucretium</span> <span class='ocrx_word' id='word_1_113' title='bbox 1051 2166 1222 2221; x_wconf 91' lang='lat' dir='ltr'>nostrum</span> 
     </span>
    </p>
   </div>
   <div class='ocr_carea' id='block_1_4' title="bbox 252 2257 1224 2458">
    <p class='ocr_par' dir='ltr' id='par_1_4' title="bbox 252 2257 1224 2458">
     <span class='ocr_line' id='line_1_18' title="bbox 252 2257 1223 2352; baseline 0 -24"><span class='ocrx_word' id='word_1_114' title='bbox 252 2282 274 2341; x_wconf 78' lang='lat' dir='ltr'>e</span> <span class='ocrx_word' id='word_1_115' title='bbox 289 2258 542 2352; x_wconf 89' lang='lat' dir='ltr'>Vespillonum</span> <span class='ocrx_word' id='word_1_116' title='bbox 555 2277 617 2331; x_wconf 91' lang='lat' dir='ltr'>ant</span> <span class='ocrx_word' id='word_1_117' title='bbox 628 2259 830 2329; x_wconf 86' lang='lat' dir='ltr'>Ofellarum</span> <span class='ocrx_word' id='word_1_118' title='bbox 841 2259 971 2330; x_wconf 86' lang='lat' dir='ltr'>familia</span> <span class='ocrx_word' id='word_1_119' title='bbox 984 2258 1108 2346; x_wconf 89' lang='lat' dir='ltr'>fuisse,</span> <span class='ocrx_word' id='word_1_120' title='bbox 1122 2257 1223 2329; x_wconf 90' lang='lat' dir='ltr'>duo-</span> 
     </span>
     <span class='ocr_line' id='line_1_19' title="bbox 253 2361 1224 2458; baseline -0.002 -23"><span class='ocrx_word' id='word_1_121' title='bbox 253 2385 328 2455; x_wconf 81' lang='lat' dir='ltr'>que</span> <span class='ocrx_word' id='word_1_122' title='bbox 345 2365 563 2458; x_wconf 85' lang='lat' dir='ltr'>cognomina</span> <span class='ocrx_word' id='word_1_123' title='bbox 581 2361 762 2448; x_wconf 86' lang='lat' dir='ltr'>habuisse;</span> <span class='ocrx_word' id='word_1_124' title='bbox 780 2386 864 2435; x_wconf 86' lang='lat' dir='ltr'>eum</span> <span class='ocrx_word' id='word_1_125' title='bbox 883 2363 930 2441; x_wconf 84' lang='lat' dir='ltr'>ad</span> <span class='ocrx_word' id='word_1_126' title='bbox 950 2385 1147 2436; x_wconf 86' lang='lat' dir='ltr'>commune</span> <span class='ocrx_word' id='word_1_127' title='bbox 1159 2379 1224 2433; x_wconf 88' lang='lat' dir='ltr'>to-</span> 
     </span>
    </p>
   </div>
   <div class='ocr_carea' id='block_1_5' title="bbox 250 2471 1224 3894">
    <p class='ocr_par' dir='ltr' id='par_1_5' title="bbox 250 2471 1224 3008">
     <span class='ocr_line' id='line_1_20' title="bbox 253 2471 1222 2572; baseline 0.001 -30"><span class='ocrx_word' id='word_1_128' title='bbox 253 2471 325 2561; x_wconf 70' lang='lat' dir='ltr'>tius</span> <span class='ocrx_word' id='word_1_129' title='bbox 334 2471 486 2571; x_wconf 87' lang='lat' dir='ltr'>familiae</span> <span class='ocrx_word' id='word_1_130' title='bbox 496 2496 702 2572; x_wconf 80' lang='lat' dir='ltr'>cognomen</span> <span class='ocrx_word' id='word_1_131' title='bbox 718 2487 781 2545; x_wconf 91' lang='lat' dir='ltr'>aut</span> <span class='ocrx_word' id='word_1_132' title='bbox 795 2472 1030 2569; x_wconf 84' lang='lat' dir='ltr'>Vespillonis,</span> <span class='ocrx_word' id='word_1_133' title='bbox 1046 2471 1222 2547; x_wconf 85' lang='lat' dir='ltr'>autOfel·</span> 
     </span>
     <span class='ocr_line' id='line_1_21' title="bbox 250 2583 1224 2681; baseline 0.001 -28"><span class='ocrx_word' id='word_1_134' title='bbox 250 2584 329 2670; x_wconf 85' lang='lat' dir='ltr'>lae,</span> <span class='ocrx_word' id='word_1_135' title='bbox 354 2606 559 2681; x_wconf 85' lang='lat' dir='ltr'>cognomen</span> <span class='ocrx_word' id='word_1_136' title='bbox 583 2583 662 2655; x_wconf 88' lang='lat' dir='ltr'>Cari</span> <span class='ocrx_word' id='word_1_137' title='bbox 684 2584 891 2673; x_wconf 83' lang='lat' dir='ltr'>accessisset,</span> <span class='ocrx_word' id='word_1_138' title='bbox 919 2588 977 2658; x_wconf 89' lang='lat' dir='ltr'>vel</span> <span class='ocrx_word' id='word_1_139' title='bbox 993 2601 1142 2680; x_wconf 89' lang='lat' dir='ltr'>propter</span> <span class='ocrx_word' id='word_1_140' title='bbox 1162 2585 1224 2654; x_wconf 90' lang='lat' dir='ltr'>in·</span> 
     </span>
     <span class='ocr_line' id='line_1_22' title="bbox 253 2692 1221 2790; baseline 0.001 -27"><span class='ocrx_word' id='word_1_141' title='bbox 253 2692 349 2790; x_wconf 88' lang='lat' dir='ltr'>genii</span> <span class='ocrx_word' id='word_1_142' title='bbox 364 2693 651 2790; x_wconf 82' lang='lat' dir='ltr'>magnitudinem</span> <span class='ocrx_word' id='word_1_143' title='bbox 666 2718 705 2769; x_wconf 85' lang='lat' dir='ltr'>ac</span> <span class='ocrx_word' id='word_1_144' title='bbox 718 2697 979 2788; x_wconf 86' lang='lat' dir='ltr'>praestantiam,</span> <span class='ocrx_word' id='word_1_145' title='bbox 998 2696 1056 2766; x_wconf 89' lang='lat' dir='ltr'>vel</span> <span class='ocrx_word' id='word_1_146' title='bbox 1069 2709 1221 2788; x_wconf 90' lang='lat' dir='ltr'>propter</span> 
     </span>
     <span class='ocr_line' id='line_1_23' title="bbox 253 2804 1221 2900; baseline 0.001 -27"><span class='ocrx_word' id='word_1_147' title='bbox 253 2826 398 2887; x_wconf 84' lang='lat' dir='ltr'>morum</span> <span class='ocrx_word' id='word_1_148' title='bbox 411 2805 619 2890; x_wconf 75' lang='lat' dir='ltr'>suavitatem</span> <span class='ocrx_word' id='word_1_149' title='bbox 637 2821 673 2889; x_wconf 78' lang='lat' dir='ltr'>et</span> <span class='ocrx_word' id='word_1_150' title='bbox 685 2804 913 2896; x_wconf 82' lang='lat' dir='ltr'>comitatem,</span> <span class='ocrx_word' id='word_1_151' title='bbox 929 2807 987 2879; x_wconf 88' lang='lat' dir='ltr'>vel</span> <span class='ocrx_word' id='word_1_152' title='bbox 996 2823 1143 2900; x_wconf 89' lang='lat' dir='ltr'>propter</span> <span class='ocrx_word' id='word_1_153' title='bbox 1155 2804 1221 2875; x_wconf 90' lang='lat' dir='ltr'>ali·</span> 
     </span>
     <span class='ocr_line' id='line_1_24' title="bbox 251 2912 443 3008; baseline 0.005 -25"><span class='ocrx_word' id='word_1_154' title='bbox 251 2912 344 3008; x_wconf 89' lang='lat' dir='ltr'>quid</span> <span class='ocrx_word' id='word_1_155' title='bbox 364 2915 443 2984; x_wconf 86' lang='lat' dir='ltr'>tale.</span> 
     </span>
    </p>

    <p class='ocr_par' dir='ltr' id='par_1_6' title="bbox 252 3024 1222 3894">
     <span class='ocr_line' id='line_1_25' title="bbox 302 3024 1221 3130; baseline 0 -35"><span class='ocrx_word' id='word_1_156' title='bbox 302 3024 419 3129; x_wconf 77' lang='lat' dir='ltr'>Quod</span> <span class='ocrx_word' id='word_1_157' title='bbox 440 3043 480 3099; x_wconf 90' lang='lat' dir='ltr'>ut</span> <span class='ocrx_word' id='word_1_158' title='bbox 502 3025 636 3099; x_wconf 82' lang='lat' dir='ltr'>facilius</span> <span class='ocrx_word' id='word_1_159' title='bbox 656 3026 820 3114; x_wconf 85' lang='lat' dir='ltr'>credam,</span> <span class='ocrx_word' id='word_1_160' title='bbox 841 3024 924 3099; x_wconf 86' lang='lat' dir='ltr'>facit</span> <span class='ocrx_word' id='word_1_161' title='bbox 940 3027 997 3097; x_wconf 82' lang='lat' dir='ltr'>vel</span> <span class='ocrx_word' id='word_1_162' title='bbox 1020 3025 1069 3130; x_wconf 83' lang='lat' dir='ltr'><strong>Q</strong></span> <span class='ocrx_word' id='word_1_163' title='bbox 1085 3024 1221 3097; x_wconf 82' lang='lat' dir='ltr'>Lucre-</span> 
     </span>
     <span class='ocr_line' id='line_1_26' title="bbox 252 3136 1221 3232; baseline 0.002 -25"><span class='ocrx_word' id='word_1_164' title='bbox 252 3136 323 3215; x_wconf 82' lang='lat' dir='ltr'>tius</span> <span class='ocrx_word' id='word_1_165' title='bbox 351 3139 532 3230; x_wconf 89' lang='lat' dir='ltr'>Vespillo,</span> <span class='ocrx_word' id='word_1_166' title='bbox 555 3140 798 3232; x_wconf 87' lang='lat' dir='ltr'>iurisperitus,</span> <span class='ocrx_word' id='word_1_167' title='bbox 819 3163 931 3231; x_wconf 81' lang='lat' dir='ltr'>quem</span> <span class='ocrx_word' id='word_1_168' title='bbox 957 3156 1221 3209; x_wconf 86' lang='lat' dir='ltr'>commemorat</span> 
     </span>
     <span class='ocr_line' id='line_1_27' title="bbox 254 3245 1220 3351; baseline 0.001 -33"><span class='ocrx_word' id='word_1_169' title='bbox 254 3248 306 3341; x_wconf 80' lang='lat' dir='ltr'>M.</span> <span class='ocrx_word' id='word_1_170' title='bbox 328 3248 469 3321; x_wconf 87' lang='lat' dir='ltr'>Tullius</span> <span class='ocrx_word' id='word_1_171' title='bbox 493 3249 532 3319; x_wconf 91' lang='lat' dir='ltr'>in</span> <span class='ocrx_word' id='word_1_172' title='bbox 554 3247 684 3320; x_wconf 88' lang='lat' dir='ltr'>Bruto:</span> <span class='ocrx_word' id='word_1_173' title='bbox 712 3252 769 3318; x_wconf 88' lang='lat' dir='ltr'>vel</span> <span class='ocrx_word' id='word_1_174' title='bbox 793 3249 840 3351; x_wconf 91' lang='grc' dir='ltr'>Ω.</span> <span class='ocrx_word' id='word_1_175' title='bbox 867 3247 1052 3325; x_wconf 86' lang='lat' dir='ltr'>Lucretius</span> <span class='ocrx_word' id='word_1_176' title='bbox 1080 3245 1220 3337; x_wconf 84' lang='lat' dir='ltr'>Ofella,</span> 
     </span>
     <span class='ocr_line' id='line_1_28' title="bbox 255 3355 1219 3455; baseline 0 -27"><span class='ocrx_word' id='word_1_177' title='bbox 255 3384 369 3452; x_wconf 79' lang='lat' dir='ltr'>quem</span> <span class='ocrx_word' id='word_1_178' title='bbox 386 3355 484 3430; x_wconf 86' lang='lat' dir='ltr'>idem</span> <span class='ocrx_word' id='word_1_179' title='bbox 505 3359 644 3431; x_wconf 89' lang='lat' dir='ltr'>ibidem</span> <span class='ocrx_word' id='word_1_180' title='bbox 670 3359 790 3430; x_wconf 90' lang='lat' dir='ltr'>scribit</span> <span class='ocrx_word' id='word_1_181' title='bbox 812 3359 986 3455; x_wconf 83' lang='lat' dir='ltr'>aptiorem</span> <span class='ocrx_word' id='word_1_182' title='bbox 1008 3356 1113 3430; x_wconf 83' lang='lat' dir='ltr'>fuisse</span> <span class='ocrx_word' id='word_1_183' title='bbox 1131 3381 1219 3430; x_wconf 88' lang='lat' dir='ltr'>con·</span> 
     </span>
     <span class='ocr_line' id='line_1_29' title="bbox 256 3465 1222 3563; baseline -0.003 -20"><span class='ocrx_word' id='word_1_184' title='bbox 256 3469 441 3555; x_wconf 77' lang='lat' dir='ltr'>tionibus,</span> <span class='ocrx_word' id='word_1_185' title='bbox 456 3493 565 3563; x_wconf 87' lang='lat' dir='ltr'>quam</span> <span class='ocrx_word' id='word_1_186' title='bbox 587 3467 741 3554; x_wconf 82' lang='lat' dir='ltr'>iudiciis3</span> <span class='ocrx_word' id='word_1_187' title='bbox 764 3465 810 3546; x_wconf 88' lang='lat' dir='ltr'>de</span> <span class='ocrx_word' id='word_1_188' title='bbox 829 3491 905 3562; x_wconf 93' lang='lat' dir='ltr'>quo</span> <span class='ocrx_word' id='word_1_189' title='bbox 921 3466 1064 3541; x_wconf 82' lang='lat' dir='ltr'>fortasse</span> <span class='ocrx_word' id='word_1_190' title='bbox 1081 3485 1117 3539; x_wconf 91' lang='lat' dir='ltr'>et</span> <span class='ocrx_word' id='word_1_191' title='bbox 1130 3467 1222 3540; x_wconf 88' lang='lat' dir='ltr'>Vel·</span> 
     </span>
     <span class='ocr_line' id='line_1_30' title="bbox 255 3574 1221 3671; baseline -0.002 -21"><span class='ocrx_word' id='word_1_192' title='bbox 255 3580 345 3650; x_wconf 90' lang='lat' dir='ltr'>leius</span> <span class='ocrx_word' id='word_1_193' title='bbox 371 3578 574 3650; x_wconf 87' lang='lat' dir='ltr'>Paterculus</span> <span class='ocrx_word' id='word_1_194' title='bbox 599 3574 734 3649; x_wconf 74' lang='lat' dir='ltr'>libell.</span> <span class='ocrx_word' id='word_1_195' title='bbox 760 3577 866 3649; x_wconf 78' lang='lat' dir='ltr'>verba</span> <span class='ocrx_word' id='word_1_196' title='bbox 888 3577 992 3648; x_wconf 87' lang='lat' dir='ltr'>facit:</span> <span class='ocrx_word' id='word_1_197' title='bbox 1020 3581 1077 3648; x_wconf 91' lang='lat' dir='ltr'>vel</span> <span class='ocrx_word' id='word_1_198' title='bbox 1097 3578 1221 3671; x_wconf 87' lang='lat' dir='ltr'>potius</span> 
     </span>
     <span class='ocr_line' id='line_1_31' title="bbox 256 3686 1221 3781; baseline -0.003 -23"><span class='ocrx_word' id='word_1_199' title='bbox 256 3690 344 3759; x_wconf 83' lang='lat' dir='ltr'>alter</span> <span class='ocrx_word' id='word_1_200' title='bbox 366 3689 549 3765; x_wconf 81' lang='lat' dir='ltr'>Lucretius</span> <span class='ocrx_word' id='word_1_201' title='bbox 571 3689 753 3781; x_wconf 86' lang='lat' dir='ltr'>Vespillo,</span> <span class='ocrx_word' id='word_1_202' title='bbox 776 3689 875 3761; x_wconf 88' lang='lat' dir='ltr'>cuius</span> <span class='ocrx_word' id='word_1_203' title='bbox 891 3688 943 3758; x_wconf 90' lang='lat' dir='ltr'>M.</span> <span class='ocrx_word' id='word_1_204' title='bbox 956 3686 1096 3762; x_wconf 86' lang='lat' dir='ltr'>Tullius</span> <span class='ocrx_word' id='word_1_205' title='bbox 1114 3709 1221 3756; x_wconf 88' lang='lat' dir='ltr'>men-</span> 
     </span>
     <span class='ocr_line' id='line_1_32' title="bbox 255 3796 1218 3894; baseline -0.004 -24"><span class='ocrx_word' id='word_1_206' title='bbox 255 3798 395 3872; x_wconf 88' lang='lat' dir='ltr'>tionem</span> <span class='ocrx_word' id='word_1_207' title='bbox 418 3799 500 3874; x_wconf 84' lang='lat' dir='ltr'>facit</span> <span class='ocrx_word' id='word_1_208' title='bbox 523 3800 604 3873; x_wconf 87' lang='lat' dir='ltr'>libr.</span> <span class='ocrx_word' id='word_1_209' title='bbox 624 3799 720 3873; x_wconf 88' lang='lat' dir='ltr'>VIII.</span> <span class='ocrx_word' id='word_1_210' title='bbox 738 3798 785 3871; x_wconf 89' lang='lat' dir='ltr'>ad</span> <span class='ocrx_word' id='word_1_211' title='bbox 808 3798 916 3872; x_wconf 83' lang='lat' dir='ltr'>Attis.</span> <span class='ocrx_word' id='word_1_212' title='bbox 929 3798 1036 3894; x_wconf 82' lang='lat' dir='ltr'>Epist</span> <span class='ocrx_word' id='word_1_213' title='bbox 1058 3823 1091 3889; x_wconf 78' lang='lat'>5.</span> <span class='ocrx_word' id='word_1_214' title='bbox 1115 3814 1151 3869; x_wconf 88' lang='lat' dir='ltr'>et</span> <span class='ocrx_word' id='word_1_215' title='bbox 1176 3796 1218 3866; x_wconf 91' lang='lat' dir='ltr'>C.</span> 
     </span>
    </p>
   </div>
   <div class='ocr_carea' id='block_1_6' title="bbox 0 0 1299 4726">
    <p class='ocr_par' dir='ltr' id='par_1_7' title="bbox 0 0 1299 4726">
     <span class='ocr_line' id='line_1_33' title="bbox 0 0 1299 4726; baseline 0 0"><span class='ocrx_word' id='word_1_216' title='bbox 0 0 1299 4726; x_wconf 95' lang='lat' dir='ltr'> </span> 
     </span>
    </p>
   </div>
  </div>
 </body>
</html>
