2550 4726
276 392 319 467 da
491 384 556 451 DE
578 383 766 451 'RERUM
795 380 1002 446 NATURA
1069 400 1106 443 r·
1125 382 1196 443 ³10.

273 535 409 612 Summa
422 534 532 599 tamen
543 547 674 619 summa
685 525 837 589 rideatur
849 532 936 598 stare
951 521 1078 606 quiete,
1171 506 1176 511 ¹

272 622 634 725 Praeterquamsiqu'id
641 628 844 714 proprindat
854 649 994 711 corpore
1004 637 1124 694 motus.

272 743 392 807 Omnis
401 741 492 807 enim
503 740 603 828 longa
615 737 737 805 uerbis
751 739 794 802 ab
807 737 956 801 sensibus
971 736 1061 801 infra
1172 772 1175 777 -

271 851 459 914 Primorum
473 855 591 913 natura
601 843 703 909 iacet:
718 852 936 928 quapropter,
947 841 1006 905 ubi
1017 842 1126 926 ipsam

272 957 415 1019 Cernere
423 953 661 1033 iamnequeas,
675 957 924 1033 motusquoque
932 965 1069 1029 surpere
1078 948 1222 1026 debent3
1260 950 1265 963 “

271 1057 466 1141 Praesertim
479 1076 596 1140 quom,
610 1075 696 1139 quae
708 1054 872 1138 possimus
884 1072 1031 1133 cernere,
1044 1053 1154 1117 celent

271 1165 375 1247 Saepe
388 1174 499 1229 tamen
514 1174 638 1244 motus,
651 1159 758 1243 spatio
772 1158 905 1222 diducta
920 1161 1084 1223 locorum.

271 1270 356 1330 Nam
365 1289 463 1353 saepe
473 1269 510 1332 in
524 1268 619 1349 colli,
634 1267 805 1330 tondentes
816 1263 939 1347 pabula
952 1262 1052 1344 laeta,

222 1357 226 1364 ’
271 1373 453 1460 Lanigerae
466 1382 597 1457 reptant
614 1372 771 1456 pecudes,
782 1388 850 1451 quo
866 1386 1034 1451 quamque
1048 1375 1212 1439 vocantes

271 1468 419 1542 Invitant
429 1479 568 1559 herbae,
580 1484 785 1564 gemmantes
799 1492 875 1537 rore
890 1472 1029 1537 recentis

195 1658 199 1665 .
272 1585 312 1643 Et
325 1580 433 1647 satiati
442 1580 522 1670 agni
534 1583 655 1645 ludunt
662 1579 873 1662 ,blandeque
883 1584 1072 1642 coruscant:

273 1685 395 1747 Omnia
406 1701 493 1781 quae
504 1682 602 1746 nohis
616 1683 717 1767 longe
731 1679 867 1743 confusa
880 1678 1056 1763 videntur,

271 1788 312 1849 Et
326 1786 429 1850 veluti
442 1785 479 1848 in
491 1783 593 1849 viridi
609 1787 734 1850 candor
747 1784 925 1851 consistere
940 1786 1029 1851 colli.

271 1896 458 1974 Praeterea,
471 1909 613 1977 magnae
625 1890 773 1978 legiones
787 1910 888 1971 quom
899 1893 973 1957 loca
988 1913 1087 1959 cursu

272 1998 477 2079 camporum
490 1995 674 2076 complent,
687 1991 769 2056 belli
781 1992 957 2077 simulacra
970 1994 1115 2079 cientes,

233 2128 237 2135 ·
270 2080 395 2184 Fulgur
409 2095 458 2159 ibi
475 2097 519 2157 ad
534 2097 665 2159 coelum
679 2115 714 2158 se
730 2094 834 2178 tollit,
846 2104 980 2177 totaque
996 2097 1126 2164 circum
1173 2100 1234 2166 325

260 2204 355 2266 'Aere
364 2197 539 2266 renidescit
549 2200 661 2277 tellus3
675 2201 854 2281 subterque
867 2196 976 2263 virdm
993 2201 1029 2263 ri

270 2305 406 2373 Excitor
418 2304 559 2388 pedibus
569 2303 713 2383 sonitus,
730 2303 941 2386 clamoreque
952 2314 1083 2372 montes

271 2410 333 2475 Icti
344 2409 504 2475 reiectant
518 2427 617 2473 voces
634 2406 796 2471 adsidere
808 2406 946 2472 mundi:

271 2519 312 2579 Et
326 2514 593 2579 circumvolitant
609 2515 751 2596 equites,
767 2512 960 2597 mediosque
972 2523 1111 2600 repente

271 2620 488 2702 Tramittunt,
502 2619 615 2683 valido
632 2621 815 2701 quatientes
829 2623 968 2708 impete,
984 2645 1136 2711 composa

272 2733 313 2794 Et
325 2740 435 2793 tamen
451 2737 499 2796 est
515 2722 650 2810 quidam
661 2730 753 2794 locus
766 2730 840 2795 altis
854 2732 1039 2819 montibus,
1049 2737 1142 2801 uude

270 2833 363 2917 Stare
374 2830 545 2909 videntum
560 2840 592 2894 et
604 2830 640 2894 in
652 2830 776 2914 campis
790 2831 967 2898 consistere
983 2835 1108 2922 fulgur.

311 2938 408 2999 Nunc
418 2955 494 3023 age,
507 2933 575 2998 iam
585 2934 739 3017 deinceps
751 2946 944 3000 cunctarum
954 2941 1091 3005 exordia
1099 2950 1236 3032 rentem,

217 3068 221 3073 ·
272 3039 392 3124 Qualia
406 3039 490 3123 sint,
505 3049 647 3123 etquam
656 3041 755 3125 louge
769 3039 923 3105 distantia
933 3042 1067 3129 formis,

271 3145 423 3227 Percipe3
439 3145 630 3232 multigenis
642 3164 743 3226 quam
757 3145 824 3209 sint
838 3147 962 3211 variata
973 3147 1108 3235 figuris:

270 3257 366 3336 Nou,
381 3271 448 3337 quo
461 3255 568 3316 multa
581 3274 701 3336 parum
715 3252 818 3318 simili
828 3253 896 3319 sint
910 3257 1062 3338 praedita
1071 3260 1201 3346 forma,

272 3364 336 3425 Sed
350 3361 428 3443 quia
437 3380 509 3434 non
520 3363 620 3446 volgo
631 3361 723 3443 paria
735 3361 890 3426 omnibus
902 3361 1015 3426 omnia
1024 3374 1188 3432 constant.

270 3470 338 3532 Nee
352 3470 475 3533 mirum
486 3491 495 3533 a
508 3489 587 3533 uam
597 3490 699 3551 quom
705 3470 751 3534 sit
760 3490 876 3535 eorum
888 3471 984 3556 copia
1001 3484 1110 3559 tanta,

270 3572 314 3630 Ut
325 3593 432 3653 neque
450 3571 542 3656 finis,
552 3572 602 3636 uti
612 3573 727 3656 docui,
743 3593 851 3657 neque
863 3596 993 3641 summa
1005 3578 1046 3642 sit
1059 3583 1147 3662 ullas

269 3677 399 3739 Debent
415 3679 576 3743 minirum
592 3700 661 3743 non
676 3680 831 3745 omnibus
844 3682 958 3747 omnia
969 3705 1126 3764 prorsum

269 3780 345 3842 Esse
357 3779 431 3861 pari
442 3781 515 3867 fuo,
530 3781 698 3865 similique
713 3778 830 3851 affecta
846 3782 963 3877 figura.
