2550 4726
382 348 585 413 arsen
625 350 693 417 vr.
733 353 856 413 aab.
1050 359 1107 436 239

143 499 312 567 Posterius
327 498 378 580 fit,
395 501 462 582 uti,
479 522 580 583 quom
599 500 666 563 iam
680 500 827 564 cecidere
837 500 959 563 veneni

143 609 185 670 In
205 605 324 669 fonteis
339 605 445 687 ipsos,
458 603 508 666 ibi
523 605 565 669 sit
580 625 711 685 quoque
724 604 790 667 vita
803 611 987 690 romundo,

143 718 324 796 Propterea
336 713 426 793 quod
442 732 561 798 magna
575 711 654 774 mali
665 711 707 773 sit
722 713 817 795 copia
832 715 969 777 circum.

186 819 238 882 Fit
252 837 399 900 quoque,
414 828 451 880 ut
459 818 627 879 interdum
635 816 686 880 vis
694 821 776 881 haec
789 829 887 900 atque
897 828 1004 883 aestus

313 994 315 1000 Ι
754 912 757 921 ⁴
781 923 905 987 Averni

144 1033 247 1113 Aera,
259 1030 317 1113 qui
326 1030 412 1093 inter
424 1028 513 1092 areis
527 1049 656 1110 cunque
668 1037 714 1092 est
727 1039 914 1111 terramque
925 1031 1068 1112 locatus,

145 1142 324 1221 Discutiat‚
338 1159 444 1222 prope
455 1138 503 1200 uti
514 1141 606 1201 locus
620 1138 698 1200 hinc
714 1138 884 1219 linquatur
894 1137 1020 1202 inanis:

147 1243 276 1329 Quoius
286 1244 345 1306 ubi
360 1242 524 1328 eregionc
532 1243 599 1305 loci
608 1264 728 1305 venere
737 1245 900 1323 volantes,

148 1350 318 1412 Claudicat
337 1351 500 1432 extemplo
516 1369 702 1431 pennarum
717 1349 807 1412 nisus
824 1347 952 1430 inanis,

146 1456 186 1516 Et
196 1474 359 1518 conamen
372 1455 528 1536 utrinque
537 1457 666 1518 alarum
680 1456 833 1539 proditur
845 1475 955 1518 omne.

147 1553 226 1643 llic,
240 1561 299 1624 ubi
312 1560 431 1624 nictari
442 1571 627 1645 nequeunt,
640 1562 853 1644 insistereque
866 1563 946 1645 alis,

147 1663 277 1727 Scilicet
288 1665 325 1727 in
341 1677 461 1728 terram
480 1667 590 1730 delabi
600 1666 746 1750 pondere
758 1667 848 1752 cogit

147 1770 284 1847 Natura3
298 1779 498 1850 et,*vacuum
509 1756 613 1852 prope
631 1770 699 1832 iam
709 1792 769 1853 per
779 1770 878 1835 inane
889 1770 1050 1856 iacentes,

147 1871 349 1959 Dispergunt
363 1874 488 1936 animas
500 1895 560 1956 per
573 1875 682 1937 caulas
700 1873 846 1956 corporis
862 1877 999 1940 omneis.

185 1977 351 2064 Frigidior
362 2000 462 2062 porro
475 1977 512 2041 in
526 1978 633 2060 puteis
648 1987 766 2040 aestate
779 1960 971 2063 fit'humor,
1062 1976 1065 1983 ’

146 2075 293 2143 Rarcscit
304 2080 381 2161 quia
397 2093 483 2143 terra
495 2082 619 2161 calore,
636 2091 669 2142 et
684 2079 810 2143 semina
822 2080 851 2144 si
866 2103 932 2161 qua
1026 2087 1099 2165 '842

146 2189 240 2250 Forte
250 2187 383 2269 vaporis
395 2190 507 2271 habet,
521 2207 662 2269 propere
674 2185 809 2248 dimittit
823 2186 859 2249 in
872 2205 979 2254 auras.

146 2293 220 2374 Quo
234 2291 339 2376 magis
349 2303 396 2355 est
409 2291 510 2376 igitur
522 2292 617 2354 tellus
631 2287 727 2355 effeta
741 2294 866 2374 calore,

145 2394 195 2457 Fit
207 2414 340 2475 quoque
352 2395 516 2480 frigidior,
528 2395 631 2477 quiin
647 2408 730 2458 terra
744 2407 790 2460 est
799 2397 944 2480 abditus,
956 2400 1087 2464 humor.

145 2499 280 2585 Frigore
294 2521 395 2582 quom
410 2501 570 2583 premitur
583 2521 683 2584 porro
697 2501 804 2564 omnis
819 2511 922 2585 terra,
936 2504 1083 2591 coitque,

145 2604 184 2667 Et
197 2603 292 2685 quasi
306 2605 501 2683 concrescit;
516 2602 553 2667 fit
566 2603 735 2667 scilicetin
751 2606 917 2689 cotiundo‚

146 2711 314 2793 Exprimat
322 2713 359 2775 in
372 2724 498 2795 puteos,
514 2711 541 2775 si
556 2733 654 2793 quem
665 2710 751 2796 gerit
766 2711 851 2795 ipsa,
868 2716 1022 2777 calorem.

183 2817 241 2878 Est
251 2818 341 2899 apud
357 2816 551 2878 Hammonis
565 2817 680 2877 sanum
695 2814 767 2878 fons
778 2816 852 2878 luce
862 2817 980 2880 diurna

145 2921 310 3009 Frigidus,
324 2932 357 2985 at
369 2923 493 2986 calidus
505 2930 667 2983 nocturno
683 2929 829 3001 tempore
841 2921 953 2983 fertur.

144 3029 243 3090 Hunc
257 3026 408 3089 homines
420 3026 544 3088 fontem
555 3023 651 3086 nimis
661 3022 881 3106 admirantur,
896 3035 928 3086 et
941 3027 1010 3090 acri

146 3131 219 3193 Sole
231 3140 347 3211 putant
360 3132 471 3192 subter
486 3140 587 3192 terras
601 3129 780 3191 fervescere
797 3129 933 3213 partim,

145 3241 215 3304 Nox
228 3239 287 3304 ubi
298 3241 438 3321 terribili
449 3249 569 3304 terram
584 3238 725 3326 caligine
740 3239 834 3301 texit:

146 3349 245 3433 Quod
257 3346 356 3411 nimis
371 3368 480 3410 cvera
497 3357 543 3409 est
555 3348 655 3432 longe
674 3347 799 3410 ratione
817 3359 991 3412 remotum.

146 3457 276 3539 Quippe
293 3456 352 3518 ubi
364 3457 439 3535 sol‚·
449 3457 575 3517 nudum
591 3466 794 3517 contrectans
810 3475 928 3536 corpus
942 3459 1054 3540 aquai,

147 3561 218 3622 Non
235 3558 357 3641 quierit
374 3559 519 3621 calidum
534 3579 652 3640 supera
668 3561 708 3622 de
723 3562 859 3624 reddere
872 3574 983 3644 parte,

150 3666 255 3749 Quom
267 3685 424 3748 superum
437 3666 551 3726 lumen
565 3673 656 3727 tanto
671 3663 798 3726 fervore
811 3665 951 3727 fruatur:
980 3705 986 3715 ·

152 3762 212 3854 Qui
224 3780 323 3852 queat
334 3769 405 3853 hic,
421 3772 534 3854 subter
548 3778 616 3833 tam
632 3788 738 3834 crasso
752 3788 889 3852 corpore
903 3778 1039 3855 terram,
