<?xml version="1.0" encoding="UTF-8"?>
<!DOCTYPE html PUBLIC "-//W3C//DTD XHTML 1.0 Transitional//EN"
    "http://www.w3.org/TR/xhtml1/DTD/xhtml1-transitional.dtd">
<html xmlns="http://www.w3.org/1999/xhtml" xml:lang="en" lang="en">
 <head>
  <title>
</title>
<meta http-equiv="Content-Type" content="text/html;charset=utf-8" />
  <meta name='ocr-system' content='tesseract 3.04.00' />
  <meta name='ocr-capabilities' content='ocr_page ocr_carea ocr_par ocr_line ocrx_word'/>
</head>
<body>
  <div class='ocr_page' id='page_1' title='image "./dererumnaturali00carugoog_0299.png"; bbox 0 0 2550 4726; ppageno 0'>
   <div class='ocr_carea' id='block_1_1' title="bbox 389 306 1106 389">
    <p class='ocr_par' dir='ltr' id='par_1_1' title="bbox 389 247 1106 389">
     <span class='ocr_line' id='line_1_1' title="bbox 389 306 1106 389; baseline -0.004 -17"><span class='ocrx_word' id='word_1_1' title='bbox 389 309 418 372; x_wconf 92' lang='lat' dir='ltr'>L</span> <span class='ocrx_word' id='word_1_2' title='bbox 437 309 455 370; x_wconf 87' lang='lat'><em>1</em></span> <span class='ocrx_word' id='word_1_3' title='bbox 473 310 498 373; x_wconf 91' lang='lat' dir='ltr'>B</span> <span class='ocrx_word' id='word_1_4' title='bbox 518 307 595 368; x_wconf 84' lang='lat' dir='ltr'>ER</span> <span class='ocrx_word' id='word_1_5' title='bbox 634 306 712 373; x_wconf 72' lang='lat' dir='ltr'>vl:</span> <span class='ocrx_word' id='word_1_6' title='bbox 742 324 776 368; x_wconf 75' lang='lat' dir='ltr'>r.</span> <span class='ocrx_word' id='word_1_7' title='bbox 799 307 888 369; x_wconf 72' lang='lat'>1081.</span> <span class='ocrx_word' id='word_1_8' title='bbox 1047 322 1106 389; x_wconf 75' lang='lat'>¹47</span> 
     </span>
    </p>
   </div>
   <div class='ocr_carea' id='block_1_2' title="bbox 141 446 1193 1921">
    <p class='ocr_par' dir='ltr' id='par_1_2' title="bbox 141 446 1088 756">
     <span class='ocr_line' id='line_1_2' title="bbox 141 446 1088 536; baseline -0.01 -11"><span class='ocrx_word' id='word_1_9' title='bbox 141 461 208 524; x_wconf 85' lang='lat' dir='ltr'>Nec</span> <span class='ocrx_word' id='word_1_10' title='bbox 221 463 357 520; x_wconf 85' lang='lat' dir='ltr'>metam</span> <span class='ocrx_word' id='word_1_11' title='bbox 371 456 511 519; x_wconf 88' lang='lat' dir='ltr'>multam</span> <span class='ocrx_word' id='word_1_12' title='bbox 526 446 583 516; x_wconf 84' lang='lat' dir='ltr'>hic</span> <span class='ocrx_word' id='word_1_13' title='bbox 598 470 734 536; x_wconf 82' lang='lat' dir='ltr'><strong>operam</strong></span> <span class='ocrx_word' id='word_1_14' title='bbox 747 469 940 517; x_wconf 82' lang='lat' dir='ltr'>consumere</span> <span class='ocrx_word' id='word_1_15' title='bbox 949 469 1011 535; x_wconf 84' lang='lat' dir='ltr'>par</span> <span class='ocrx_word' id='word_1_16' title='bbox 1023 459 1088 518; x_wconf 88' lang='lat' dir='ltr'>est:</span> 
     </span>
     <span class='ocr_line' id='line_1_3' title="bbox 143 561 1086 648; baseline -0.011 -17"><span class='ocrx_word' id='word_1_17' title='bbox 143 569 206 633; x_wconf 87' lang='lat' dir='ltr'>Sed</span> <span class='ocrx_word' id='word_1_18' title='bbox 215 564 365 629; x_wconf 79' lang='lat' dir='ltr'>breviter</span> <span class='ocrx_word' id='word_1_19' title='bbox 373 561 489 648; x_wconf 86' lang='lat' dir='ltr'>paucis</span> <span class='ocrx_word' id='word_1_20' title='bbox 500 569 644 644; x_wconf 77' lang='lat' dir='ltr'><strong>praestat</strong></span> <span class='ocrx_word' id='word_1_21' title='bbox 655 561 892 642; x_wconf 82' lang='lat' dir='ltr'>comprendere</span> <span class='ocrx_word' id='word_1_22' title='bbox 902 561 1017 624; x_wconf 86' lang='lat' dir='ltr'>multa.</span> <span class='ocrx_word' id='word_1_23' title='bbox 1084 596 1086 600; x_wconf 80' lang='lat'><em>.</em></span> 
     </span>
     <span class='ocr_line' id='line_1_4' title="bbox 181 665 1038 756; baseline -0.007 -22"><span class='ocrx_word' id='word_1_24' title='bbox 181 675 336 756; x_wconf 78' lang='lat' dir='ltr'>Quorum</span> <span class='ocrx_word' id='word_1_25' title='bbox 351 668 398 731; x_wconf 88' lang='lat' dir='ltr'>lta</span> <span class='ocrx_word' id='word_1_26' title='bbox 409 676 559 732; x_wconf 77' lang='lat' dir='ltr'>texturae</span> <span class='ocrx_word' id='word_1_27' title='bbox 573 665 765 729; x_wconf 87' lang='lat' dir='ltr'>ceciderunt</span> <span class='ocrx_word' id='word_1_28' title='bbox 777 676 893 729; x_wconf 84' lang='lat' dir='ltr'>mutua</span> <span class='ocrx_word' id='word_1_29' title='bbox 905 674 1038 750; x_wconf 85' lang='lat' dir='ltr'>contra,</span> 
     </span>
    </p>

    <p class='ocr_par' dir='ltr' id='par_1_3' title="bbox 143 770 1193 1921">
     <span class='ocr_line' id='line_1_5' title="bbox 143 770 895 860; baseline -0.005 -22"><span class='ocrx_word' id='word_1_30' title='bbox 143 777 187 839; x_wconf 88' lang='lat' dir='ltr'>Ut</span> <span class='ocrx_word' id='word_1_31' title='bbox 197 795 281 838; x_wconf 81' lang='lat' dir='ltr'>cava</span> <span class='ocrx_word' id='word_1_32' title='bbox 290 772 491 860; x_wconf 68' lang='lat' dir='ltr'>convenient</span> <span class='ocrx_word' id='word_1_33' title='bbox 502 771 612 854; x_wconf 83' lang='lat' dir='ltr'>plenis</span> <span class='ocrx_word' id='word_1_34' title='bbox 624 773 706 835; x_wconf 79' lang='lat' dir='ltr'>liaeo</span> <span class='ocrx_word' id='word_1_35' title='bbox 717 770 822 853; x_wconf 85' lang='lat' dir='ltr'>illius,</span> <span class='ocrx_word' id='word_1_36' title='bbox 836 771 895 834; x_wconf 88' lang='lat' dir='ltr'>illa</span> 
     </span>
     <span class='ocr_line' id='line_1_6' title="bbox 143 872 1040 957; baseline 0.001 -19"><span class='ocrx_word' id='word_1_37' title='bbox 143 874 333 956; x_wconf 77' lang='lat' dir='ltr'>Huiusque3</span> <span class='ocrx_word' id='word_1_38' title='bbox 343 874 435 937; x_wconf 85' lang='lat' dir='ltr'>inter</span> <span class='ocrx_word' id='word_1_39' title='bbox 445 895 479 937; x_wconf 88' lang='lat' dir='ltr'>se</span> <span class='ocrx_word' id='word_1_40' title='bbox 488 872 641 937; x_wconf 88' lang='lat' dir='ltr'>iunctura</span> <span class='ocrx_word' id='word_1_41' title='bbox 656 875 738 939; x_wconf 85' lang='lat' dir='ltr'>haec</span> <span class='ocrx_word' id='word_1_42' title='bbox 752 883 890 957; x_wconf 88' lang='lat' dir='ltr'>optuma</span> <span class='ocrx_word' id='word_1_43' title='bbox 904 883 1040 939; x_wconf 82' lang='lat' dir='ltr'>constat.</span> 
     </span>
     <span class='ocr_line' id='line_1_7' title="bbox 145 979 989 1065; baseline 0 -20"><span class='ocrx_word' id='word_1_44' title='bbox 145 983 198 1045; x_wconf 84' lang='lat' dir='ltr'>Est</span> <span class='ocrx_word' id='word_1_45' title='bbox 209 980 327 1061; x_wconf 88' lang='lat' dir='ltr'>etiam,</span> <span class='ocrx_word' id='word_1_46' title='bbox 347 979 443 1060; x_wconf 89' lang='lat' dir='ltr'>quasi</span> <span class='ocrx_word' id='word_1_47' title='bbox 453 987 490 1042; x_wconf 89' lang='lat' dir='ltr'>ut</span> <span class='ocrx_word' id='word_1_48' title='bbox 506 979 647 1044; x_wconf 84' lang='lat' dir='ltr'>annellis</span> <span class='ocrx_word' id='word_1_49' title='bbox 661 980 833 1061; x_wconf 80' lang='lat' dir='ltr'>hamisque</span> <span class='ocrx_word' id='word_1_50' title='bbox 846 980 989 1065; x_wconf 76' lang='lat' dir='ltr'>plicata,</span> 
     </span>
     <span class='ocr_line' id='line_1_8' title="bbox 145 1087 887 1171; baseline 0.005 -21"><span class='ocrx_word' id='word_1_51' title='bbox 145 1091 235 1152; x_wconf 84' lang='lat' dir='ltr'>lnter</span> <span class='ocrx_word' id='word_1_52' title='bbox 249 1109 284 1152; x_wconf 90' lang='lat' dir='ltr'>se</span> <span class='ocrx_word' id='word_1_53' title='bbox 300 1090 462 1169; x_wconf 86' lang='lat' dir='ltr'>quaedam</span> <span class='ocrx_word' id='word_1_54' title='bbox 477 1087 602 1171; x_wconf 86' lang='lat' dir='ltr'>possint</span> <span class='ocrx_word' id='word_1_55' title='bbox 615 1090 752 1171; x_wconf 85' lang='lat' dir='ltr'>oop’lata</span> <span class='ocrx_word' id='word_1_56' title='bbox 764 1090 887 1154; x_wconf 83' lang='lat' dir='ltr'>teneri:</span> 
     </span>
     <span class='ocr_line' id='line_1_9' title="bbox 147 1192 1166 1282; baseline 0.002 -25"><span class='ocrx_word' id='word_1_57' title='bbox 147 1197 246 1282; x_wconf 78' lang='lat' dir='ltr'>Quod</span> <span class='ocrx_word' id='word_1_58' title='bbox 262 1193 368 1279; x_wconf 85' lang='lat' dir='ltr'>magis</span> <span class='ocrx_word' id='word_1_59' title='bbox 377 1192 413 1255; x_wconf 94' lang='lat' dir='ltr'>in</span> <span class='ocrx_word' id='word_1_60' title='bbox 427 1192 538 1276; x_wconf 89' lang='lat' dir='ltr'>lapide</span> <span class='ocrx_word' id='word_1_61' title='bbox 553 1195 617 1257; x_wconf 89' lang='lat' dir='ltr'>hoc</span> <span class='ocrx_word' id='word_1_62' title='bbox 631 1192 704 1256; x_wconf 91' lang='lat' dir='ltr'>fieri</span> <span class='ocrx_word' id='word_1_63' title='bbox 714 1195 867 1276; x_wconf 79' lang='lat' dir='ltr'>ferroque</span> <span class='ocrx_word' id='word_1_64' title='bbox 877 1195 1020 1259; x_wconf 81' lang='lat' dir='ltr'>videtur.</span> <span class='ocrx_word' id='word_1_65' title='bbox 1068 1218 1071 1223; x_wconf 76' lang='grc'>’</span> <span class='ocrx_word' id='word_1_66' title='bbox 1164 1195 1166 1198; x_wconf 68' lang='grc'>’</span> 
     </span>
     <span class='ocr_line' id='line_1_10' title="bbox 183 1296 1043 1383; baseline 0.003 -23"><span class='ocrx_word' id='word_1_67' title='bbox 183 1301 215 1360; x_wconf 94' lang='lat' dir='ltr'>N</span> <span class='ocrx_word' id='word_1_68' title='bbox 216 1318 297 1377; x_wconf 90' lang='lat' dir='ltr'>uno,</span> <span class='ocrx_word' id='word_1_69' title='bbox 311 1296 396 1359; x_wconf 91' lang='lat' dir='ltr'>ratio</span> <span class='ocrx_word' id='word_1_70' title='bbox 408 1317 493 1378; x_wconf 84' lang='lat' dir='ltr'>quae</span> <span class='ocrx_word' id='word_1_71' title='bbox 505 1297 545 1360; x_wconf 88' lang='lat' dir='ltr'>sit</span> <span class='ocrx_word' id='word_1_72' title='bbox 561 1298 702 1380; x_wconf 87' lang='lat' dir='ltr'>morbis,</span> <span class='ocrx_word' id='word_1_73' title='bbox 715 1309 787 1382; x_wconf 91' lang='lat' dir='ltr'>aut,</span> <span class='ocrx_word' id='word_1_74' title='bbox 801 1301 891 1363; x_wconf 87' lang='lat' dir='ltr'>unde</span> <span class='ocrx_word' id='word_1_75' title='bbox 904 1308 1043 1383; x_wconf 87' lang='lat' dir='ltr'>repente</span> 
     </span>
     <span class='ocr_line' id='line_1_11' title="bbox 146 1392 891 1485; baseline 0.004 -19"><span class='ocrx_word' id='word_1_76' title='bbox 146 1401 353 1470; x_wconf 84' lang='lat' dir='ltr'>Mortiferam</span> <span class='ocrx_word' id='word_1_77' title='bbox 362 1403 465 1485; x_wconf 86' lang='lat' dir='ltr'>possit</span> <span class='ocrx_word' id='word_1_78' title='bbox 479 1392 606 1468; x_wconf 89' lang='lat' dir='ltr'>cladem</span> <span class='ocrx_word' id='word_1_79' title='bbox 618 1409 762 1469; x_wconf 87' lang='lat' dir='ltr'>oontlare</span> <span class='ocrx_word' id='word_1_80' title='bbox 777 1415 891 1470; x_wconf 82' lang='lat' dir='ltr'>coorta</span> 
     </span>
     <span class='ocr_line' id='line_1_12' title="bbox 145 1506 1193 1596; baseline 0.007 -26"><span class='ocrx_word' id='word_1_81' title='bbox 145 1506 303 1576; x_wconf 86' lang='lat' dir='ltr'>Morbida</span> <span class='ocrx_word' id='word_1_82' title='bbox 318 1506 369 1571; x_wconf 79' lang='lat' dir='ltr'>vis</span> <span class='ocrx_word' id='word_1_83' title='bbox 380 1508 555 1572; x_wconf 91' lang='lat' dir='ltr'>hominum</span> <span class='ocrx_word' id='word_1_84' title='bbox 566 1510 700 1596; x_wconf 85' lang='lat' dir='ltr'>generi,</span> <span class='ocrx_word' id='word_1_85' title='bbox 714 1513 947 1595; x_wconf 85' lang='lat' dir='ltr'>pecudumque</span> <span class='ocrx_word' id='word_1_86' title='bbox 957 1509 1111 1594; x_wconf 87' lang='lat' dir='ltr'>catervis,</span> <span class='ocrx_word' id='word_1_87' title='bbox 1187 1538 1193 1546; x_wconf 59' lang='lat'>²</span> 
     </span>
     <span class='ocr_line' id='line_1_13' title="bbox 145 1610 989 1696; baseline 0.007 -20"><span class='ocrx_word' id='word_1_88' title='bbox 145 1611 340 1695; x_wconf 77' lang='lat' dir='ltr'>Erpediam.</span> <span class='ocrx_word' id='word_1_89' title='bbox 354 1610 523 1696; x_wconf 80' lang='lat' dir='ltr'>Primum,</span> <span class='ocrx_word' id='word_1_90' title='bbox 538 1617 720 1679; x_wconf 86' lang='lat' dir='ltr'>multarum</span> <span class='ocrx_word' id='word_1_91' title='bbox 735 1616 863 1681; x_wconf 85' lang='lat' dir='ltr'>semina</span> <span class='ocrx_word' id='word_1_92' title='bbox 875 1638 989 1682; x_wconf 90' lang='lat' dir='ltr'>rerum</span> 
     </span>
     <span class='ocr_line' id='line_1_14' title="bbox 145 1717 917 1799; baseline 0.005 -18"><span class='ocrx_word' id='word_1_93' title='bbox 145 1719 224 1781; x_wconf 78' lang='lat' dir='ltr'>Fsse</span> <span class='ocrx_word' id='word_1_94' title='bbox 239 1735 341 1799; x_wconf 87' lang='lat' dir='ltr'>supra</span> <span class='ocrx_word' id='word_1_95' title='bbox 359 1717 474 1798; x_wconf 90' lang='lat' dir='ltr'>docui,</span> <span class='ocrx_word' id='word_1_96' title='bbox 487 1739 572 1798; x_wconf 86' lang='lat' dir='ltr'>quae</span> <span class='ocrx_word' id='word_1_97' title='bbox 581 1719 647 1783; x_wconf 88' lang='lat' dir='ltr'>sint</span> <span class='ocrx_word' id='word_1_98' title='bbox 658 1720 773 1783; x_wconf 87' lang='lat' dir='ltr'>vitalia</span> <span class='ocrx_word' id='word_1_99' title='bbox 787 1720 898 1797; x_wconf 78' lang='lat' dir='ltr'>nobis3</span> <span class='ocrx_word' id='word_1_100' title='bbox 913 1763 917 1773; x_wconf 39' lang='lat' dir='ltr'>a</span> 
     </span>
     <span class='ocr_line' id='line_1_15' title="bbox 144 1818 1044 1921; baseline 0.002 -41"><span class='ocrx_word' id='word_1_101' title='bbox 144 1819 187 1881; x_wconf 87' lang='lat' dir='ltr'>Et</span> <span class='ocrx_word' id='word_1_102' title='bbox 199 1826 333 1899; x_wconf 81' lang='lat' dir='ltr'>contra,</span> <span class='ocrx_word' id='word_1_103' title='bbox 348 1837 433 1898; x_wconf 88' lang='lat' dir='ltr'>quae</span> <span class='ocrx_word' id='word_1_104' title='bbox 445 1818 512 1882; x_wconf 84' lang='lat' dir='ltr'>sint</span> <span class='ocrx_word' id='word_1_105' title='bbox 525 1822 838 1921; x_wconf 40' lang='lat' dir='ltr'>morbolmortique‚</span> <span class='ocrx_word' id='word_1_106' title='bbox 854 1844 985 1887; x_wconf 85' lang='lat' dir='ltr'>necesse</span> <span class='ocrx_word' id='word_1_107' title='bbox 996 1830 1044 1886; x_wconf 90' lang='lat' dir='ltr'>est</span> 
     </span>
    </p>
   </div>
   <div class='ocr_carea' id='block_1_3' title="bbox 144 1925 1114 2108">
    <p class='ocr_par' dir='ltr' id='par_1_4' title="bbox 144 1925 1114 2108">
     <span class='ocr_line' id='line_1_16' title="bbox 144 1925 1114 2009; baseline 0 -21"><span class='ocrx_word' id='word_1_108' title='bbox 144 1926 255 1989; x_wconf 87' lang='lat' dir='ltr'>Multa</span> <span class='ocrx_word' id='word_1_109' title='bbox 268 1925 395 1986; x_wconf 86' lang='lat' dir='ltr'>volare:</span> <span class='ocrx_word' id='word_1_110' title='bbox 412 1943 451 1987; x_wconf 86' lang='lat' dir='ltr'>ea</span> <span class='ocrx_word' id='word_1_111' title='bbox 465 1945 567 2005; x_wconf 90' lang='lat' dir='ltr'>quom</span> <span class='ocrx_word' id='word_1_112' title='bbox 580 1946 655 1989; x_wconf 88' lang='lat' dir='ltr'>casu</span> <span class='ocrx_word' id='word_1_113' title='bbox 666 1937 743 1989; x_wconf 91' lang='lat' dir='ltr'>sunt</span> <span class='ocrx_word' id='word_1_114' title='bbox 753 1927 838 1989; x_wconf 83' lang='lat' dir='ltr'>forte</span> <span class='ocrx_word' id='word_1_115' title='bbox 850 1935 980 2008; x_wconf 90' lang='lat' dir='ltr'>coorta,</span> <span class='ocrx_word' id='word_1_116' title='bbox 1038 1927 1114 2009; x_wconf 75' lang='lat'><strong>1095</strong></span> 
     </span>
     <span class='ocr_line' id='line_1_17' title="bbox 144 2024 902 2108; baseline 0.001 -19"><span class='ocrx_word' id='word_1_117' title='bbox 144 2028 187 2089; x_wconf 90' lang='lat' dir='ltr'>Et</span> <span class='ocrx_word' id='word_1_118' title='bbox 197 2026 436 2108; x_wconf 86' lang='lat' dir='ltr'>perturbarunt</span> <span class='ocrx_word' id='word_1_119' title='bbox 446 2027 575 2088; x_wconf 90' lang='lat' dir='ltr'>coelum</span> <span class='ocrx_word' id='word_1_120' title='bbox 584 2071 595 2108; x_wconf 93' lang='lat'>,</span> <span class='ocrx_word' id='word_1_121' title='bbox 605 2025 643 2088; x_wconf 88' lang='lat' dir='ltr'>fit</span> <span class='ocrx_word' id='word_1_122' title='bbox 652 2024 823 2091; x_wconf 83' lang='lat' dir='ltr'>morbidus</span> <span class='ocrx_word' id='word_1_123' title='bbox 835 2033 902 2091; x_wconf 66' lang='lat' dir='ltr'>aer.</span> 
     </span>
    </p>
   </div>
   <div class='ocr_carea' id='block_1_4' title="bbox 146 2130 1121 3813">
    <p class='ocr_par' dir='ltr' id='par_1_5' title="bbox 146 2130 1099 2430">
     <span class='ocr_line' id='line_1_18' title="bbox 146 2130 1099 2216; baseline 0.002 -21"><span class='ocrx_word' id='word_1_124' title='bbox 146 2132 256 2211; x_wconf 86' lang='lat' dir='ltr'>Atque</span> <span class='ocrx_word' id='word_1_125' title='bbox 265 2151 304 2194; x_wconf 86' lang='lat' dir='ltr'>ea</span> <span class='ocrx_word' id='word_1_126' title='bbox 316 2130 366 2195; x_wconf 84' lang='lat' dir='ltr'>vis</span> <span class='ocrx_word' id='word_1_127' title='bbox 381 2130 492 2194; x_wconf 88' lang='lat' dir='ltr'>omnis</span> <span class='ocrx_word' id='word_1_128' title='bbox 504 2134 718 2214; x_wconf 89' lang='lat' dir='ltr'>morborum,</span> <span class='ocrx_word' id='word_1_129' title='bbox 733 2132 974 2216; x_wconf 86' lang='lat' dir='ltr'>pestilitasque,</span> <span class='ocrx_word' id='word_1_130' title='bbox 1095 2207 1099 2215; x_wconf 25' lang='lat'>⁵</span> 
     </span>
     <span class='ocr_line' id='line_1_19' title="bbox 148 2237 1029 2332; baseline 0.002 -32"><span class='ocrx_word' id='word_1_131' title='bbox 148 2241 214 2300; x_wconf 86' lang='lat' dir='ltr'>Aut</span> <span class='ocrx_word' id='word_1_132' title='bbox 227 2237 443 2319; x_wconf 81' lang='lat' dir='ltr'>extrinsecus,</span> <span class='ocrx_word' id='word_1_133' title='bbox 453 2246 492 2300; x_wconf 91' lang='lat' dir='ltr'>ut</span> <span class='ocrx_word' id='word_1_134' title='bbox 501 2242 607 2303; x_wconf 88' lang='lat' dir='ltr'>nubes</span> <span class='ocrx_word' id='word_1_135' title='bbox 618 2241 826 2321; x_wconf 87' lang='lat' dir='ltr'>nebulaeque</span> <span class='ocrx_word' id='word_1_136' title='bbox 838 2260 981 2332; x_wconf 79' lang='lat' dir='ltr'>superne</span> <span class='ocrx_word' id='word_1_137' title='bbox 1027 2267 1029 2272; x_wconf 95' lang='lat'>·</span> 
     </span>
     <span class='ocr_line' id='line_1_20' title="bbox 150 2341 914 2430; baseline 0 -26"><span class='ocrx_word' id='word_1_138' title='bbox 150 2345 213 2404; x_wconf 88' lang='lat' dir='ltr'>Per</span> <span class='ocrx_word' id='word_1_139' title='bbox 226 2342 356 2404; x_wconf 87' lang='lat' dir='ltr'>coelum</span> <span class='ocrx_word' id='word_1_140' title='bbox 366 2341 520 2420; x_wconf 80' lang='lat' dir='ltr'>veniunt3</span> <span class='ocrx_word' id='word_1_141' title='bbox 532 2351 589 2405; x_wconf 83' lang='lat' dir='ltr'>aut</span> <span class='ocrx_word' id='word_1_142' title='bbox 598 2342 671 2425; x_wconf 88' lang='lat' dir='ltr'>ipsa</span> <span class='ocrx_word' id='word_1_143' title='bbox 683 2362 782 2430; x_wconf 91' lang='lat' dir='ltr'>saepe</span> <span class='ocrx_word' id='word_1_144' title='bbox 800 2352 914 2405; x_wconf 85' lang='lat' dir='ltr'>coorta</span> 
     </span>
    </p>

    <p class='ocr_par' dir='ltr' id='par_1_6' title="bbox 150 2444 1061 2639">
     <span class='ocr_line' id='line_1_21' title="bbox 150 2444 1061 2534; baseline -0.002 -22"><span class='ocrx_word' id='word_1_145' title='bbox 150 2451 200 2512; x_wconf 89' lang='lat' dir='ltr'>De</span> <span class='ocrx_word' id='word_1_146' title='bbox 213 2458 299 2511; x_wconf 89' lang='lat' dir='ltr'>terra</span> <span class='ocrx_word' id='word_1_147' title='bbox 309 2456 466 2534; x_wconf 80' lang='lat' dir='ltr'>surgunt,</span> <span class='ocrx_word' id='word_1_148' title='bbox 477 2446 536 2511; x_wconf 92' lang='lat' dir='ltr'>ubi</span> <span class='ocrx_word' id='word_1_149' title='bbox 551 2459 723 2531; x_wconf 87' lang='lat' dir='ltr'>putrorem</span> <span class='ocrx_word' id='word_1_150' title='bbox 736 2444 875 2519; x_wconf 86' lang='lat' dir='ltr'>humida</span> <span class='ocrx_word' id='word_1_151' title='bbox 890 2457 986 2512; x_wconf 87' lang='lat' dir='ltr'>nacta</span> <span class='ocrx_word' id='word_1_152' title='bbox 1000 2456 1061 2532; x_wconf 89' lang='lat' dir='ltr'>est,</span> 
     </span>
     <span class='ocr_line' id='line_1_22' title="bbox 151 2552 904 2639; baseline -0.007 -19"><span class='ocrx_word' id='word_1_153' title='bbox 151 2554 396 2639; x_wconf 81' lang='lat' dir='ltr'>intempestivis</span> <span class='ocrx_word' id='word_1_154' title='bbox 410 2553 615 2637; x_wconf 78' lang='lat' dir='ltr'>pluviisque,</span> <span class='ocrx_word' id='word_1_155' title='bbox 627 2563 660 2616; x_wconf 90' lang='lat' dir='ltr'>et</span> <span class='ocrx_word' id='word_1_156' title='bbox 672 2553 815 2634; x_wconf 91' lang='lat' dir='ltr'>solibus,</span> <span class='ocrx_word' id='word_1_157' title='bbox 826 2552 904 2628; x_wconf 76' lang='lat' dir='ltr'>icta.</span> 
     </span>
    </p>

    <p class='ocr_par' dir='ltr' id='par_1_7' title="bbox 152 2659 1023 2959">
     <span class='ocr_line' id='line_1_23' title="bbox 192 2659 1023 2744; baseline -0.007 -17"><span class='ocrx_word' id='word_1_158' title='bbox 192 2668 313 2727; x_wconf 90' lang='lat' dir='ltr'>Nonne</span> <span class='ocrx_word' id='word_1_159' title='bbox 322 2662 415 2726; x_wconf 81' lang='lat' dir='ltr'>vides</span> <span class='ocrx_word' id='word_1_160' title='bbox 426 2661 543 2744; x_wconf 90' lang='lat' dir='ltr'>etiam,</span> <span class='ocrx_word' id='word_1_161' title='bbox 557 2660 642 2725; x_wconf 85' lang='lat' dir='ltr'>coeli</span> <span class='ocrx_word' id='word_1_162' title='bbox 653 2659 800 2724; x_wconf 91' lang='lat' dir='ltr'>novitate</span> <span class='ocrx_word' id='word_1_163' title='bbox 811 2669 844 2722; x_wconf 91' lang='lat' dir='ltr'>et</span> <span class='ocrx_word' id='word_1_164' title='bbox 860 2680 1023 2740; x_wconf 87' lang='lat' dir='ltr'>aquarum</span> 
     </span>
     <span class='ocr_line' id='line_1_24' title="bbox 152 2768 983 2852; baseline -0.008 -17"><span class='ocrx_word' id='word_1_165' title='bbox 152 2770 307 2852; x_wconf 87' lang='lat' dir='ltr'>Tentari,</span> <span class='ocrx_word' id='word_1_166' title='bbox 321 2770 439 2852; x_wconf 87' lang='lat' dir='ltr'>procul</span> <span class='ocrx_word' id='word_1_167' title='bbox 455 2769 595 2852; x_wconf 86' lang='lat' dir='ltr'>apatria</span> <span class='ocrx_word' id='word_1_168' title='bbox 609 2768 809 2849; x_wconf 62' lang='lat' dir='ltr'>quicunque*</span> <span class='ocrx_word' id='word_1_169' title='bbox 815 2769 983 2846; x_wconf 87' lang='lat' dir='ltr'>domoque</span> 
     </span>
     <span class='ocr_line' id='line_1_25' title="bbox 153 2872 982 2959; baseline -0.007 -18"><span class='ocrx_word' id='word_1_170' title='bbox 153 2875 366 2942; x_wconf 80' lang='lat' dir='ltr'>Adveniunt?</span> <span class='ocrx_word' id='word_1_171' title='bbox 378 2874 471 2956; x_wconf 88' lang='lat' dir='ltr'>ideo,</span> <span class='ocrx_word' id='word_1_172' title='bbox 484 2875 562 2954; x_wconf 88' lang='lat' dir='ltr'>quia</span> <span class='ocrx_word' id='word_1_173' title='bbox 575 2877 676 2959; x_wconf 86' lang='lat' dir='ltr'>longe</span> <span class='ocrx_word' id='word_1_174' title='bbox 690 2872 905 2956; x_wconf 85' lang='lat' dir='ltr'>discrepitant</span> <span class='ocrx_word' id='word_1_175' title='bbox 920 2893 982 2945; x_wconf 79' lang='lat' dir='ltr'>res.</span> 
     </span>
    </p>

    <p class='ocr_par' dir='ltr' id='par_1_8' title="bbox 155 2977 995 3064">
     <span class='ocr_line' id='line_1_26' title="bbox 155 2977 995 3064; baseline -0.001 -19"><span class='ocrx_word' id='word_1_176' title='bbox 155 2987 239 3045; x_wconf 88' lang='lat' dir='ltr'>Nam</span> <span class='ocrx_word' id='word_1_177' title='bbox 251 2982 333 3062; x_wconf 91' lang='lat' dir='ltr'>quid</span> <span class='ocrx_word' id='word_1_178' title='bbox 349 2981 514 3047; x_wconf 87' lang='lat' dir='ltr'>Britannis</span> <span class='ocrx_word' id='word_1_179' title='bbox 525 2984 657 3047; x_wconf 88' lang='lat' dir='ltr'>coelum</span> <span class='ocrx_word' id='word_1_180' title='bbox 673 2977 809 3044; x_wconf 83' lang='lat' dir='ltr'>differre</span> <span class='ocrx_word' id='word_1_181' title='bbox 824 2990 995 3064; x_wconf 85' lang='lat' dir='ltr'>putamus,</span> 
     </span>
    </p>

    <p class='ocr_par' dir='ltr' id='par_1_9' title="bbox 151 3083 1121 3594">
     <span class='ocr_line' id='line_1_27' title="bbox 155 3083 1092 3172; baseline 0 -24"><span class='ocrx_word' id='word_1_182' title='bbox 155 3090 195 3149; x_wconf 91' lang='lat' dir='ltr'>Et</span> <span class='ocrx_word' id='word_1_183' title='bbox 206 3090 297 3168; x_wconf 88' lang='lat' dir='ltr'>quod</span> <span class='ocrx_word' id='word_1_184' title='bbox 312 3087 348 3148; x_wconf 92' lang='lat' dir='ltr'>in</span> <span class='ocrx_word' id='word_1_185' title='bbox 362 3089 517 3172; x_wconf 80' lang='lat' dir='ltr'>Aegypto</span> <span class='ocrx_word' id='word_1_186' title='bbox 534 3096 604 3167; x_wconf 83' lang='lat' dir='ltr'>est,</span> <span class='ocrx_word' id='word_1_187' title='bbox 614 3104 680 3167; x_wconf 90' lang='lat' dir='ltr'>qua</span> <span class='ocrx_word' id='word_1_188' title='bbox 692 3083 812 3163; x_wconf 80' lang='lat' dir='ltr'>mundi</span> <span class='ocrx_word' id='word_1_189' title='bbox 821 3084 986 3147; x_wconf 87' lang='lat' dir='ltr'>claudicat</span> <span class='ocrx_word' id='word_1_190' title='bbox 999 3084 1092 3148; x_wconf 77' lang='lat' dir='ltr'>axis?</span> 
     </span>
     <span class='ocr_line' id='line_1_28' title="bbox 151 3186 1121 3276; baseline 0.003 -25"><span class='ocrx_word' id='word_1_191' title='bbox 151 3190 289 3276; x_wconf 74' lang='lat' dir='ltr'>Quidve</span> <span class='ocrx_word' id='word_1_192' title='bbox 298 3190 549 3270; x_wconf 81' lang='lat' dir='ltr'>quodinPonto</span> <span class='ocrx_word' id='word_1_193' title='bbox 562 3198 627 3271; x_wconf 86' lang='lat' dir='ltr'>est,</span> <span class='ocrx_word' id='word_1_194' title='bbox 644 3186 798 3272; x_wconf 85' lang='lat' dir='ltr'>differre,</span> <span class='ocrx_word' id='word_1_195' title='bbox 813 3200 845 3255; x_wconf 89' lang='lat' dir='ltr'>et</span> <span class='ocrx_word' id='word_1_196' title='bbox 854 3189 1013 3272; x_wconf 88' lang='lat' dir='ltr'>Gadibus,</span> <span class='ocrx_word' id='word_1_197' title='bbox 1022 3199 1121 3272; x_wconf 88' lang='lat' dir='ltr'>atque</span> 
     </span>
     <span class='ocr_line' id='line_1_29' title="bbox 157 3291 1066 3381; baseline 0 -24"><span class='ocrx_word' id='word_1_198' title='bbox 157 3298 270 3375; x_wconf 87' lang='lat' dir='ltr'>Usque</span> <span class='ocrx_word' id='word_1_199' title='bbox 280 3297 323 3356; x_wconf 92' lang='lat' dir='ltr'>ad</span> <span class='ocrx_word' id='word_1_200' title='bbox 336 3293 432 3381; x_wconf 83' lang='lat' dir='ltr'>nigra</span> <span class='ocrx_word' id='word_1_201' title='bbox 444 3291 555 3357; x_wconf 78' lang='lat' dir='ltr'>virum</span> <span class='ocrx_word' id='word_1_202' title='bbox 569 3306 725 3376; x_wconf 86' lang='lat' dir='ltr'>percocto</span> <span class='ocrx_word' id='word_1_203' title='bbox 734 3298 823 3360; x_wconf 87' lang='lat' dir='ltr'>secla</span> <span class='ocrx_word' id='word_1_204' title='bbox 838 3297 957 3358; x_wconf 87' lang='lat' dir='ltr'>calore.</span> <span class='ocrx_word' id='word_1_205' title='bbox 979 3355 983 3361; x_wconf 87' lang='grc'>,</span> <span class='ocrx_word' id='word_1_206' title='bbox 1062 3360 1066 3367; x_wconf 72' lang='grc'><strong>,</strong></span> 
     </span>
     <span class='ocr_line' id='line_1_30' title="bbox 158 3400 1027 3486; baseline 0.002 -22"><span class='ocrx_word' id='word_1_207' title='bbox 158 3406 253 3486; x_wconf 79' lang='lat' dir='ltr'>Quae</span> <span class='ocrx_word' id='word_1_208' title='bbox 271 3421 374 3483; x_wconf 88' lang='lat' dir='ltr'>quom</span> <span class='ocrx_word' id='word_1_209' title='bbox 384 3410 548 3483; x_wconf 90' lang='lat' dir='ltr'>quatuor,</span> <span class='ocrx_word' id='word_1_210' title='bbox 561 3400 648 3464; x_wconf 90' lang='lat' dir='ltr'>inter</span> <span class='ocrx_word' id='word_1_211' title='bbox 662 3422 697 3465; x_wconf 88' lang='lat' dir='ltr'>se</span> <span class='ocrx_word' id='word_1_212' title='bbox 708 3401 856 3482; x_wconf 85' lang='lat' dir='ltr'>divorsa,</span> <span class='ocrx_word' id='word_1_213' title='bbox 874 3400 1027 3469; x_wconf 82' lang='lat' dir='ltr'>videmus</span> 
     </span>
     <span class='ocr_line' id='line_1_31' title="bbox 158 3506 858 3594; baseline 0.003 -24"><span class='ocrx_word' id='word_1_214' title='bbox 158 3512 312 3594; x_wconf 77' lang='lat' dir='ltr'>Quatuor</span> <span class='ocrx_word' id='word_1_215' title='bbox 328 3506 464 3571; x_wconf 73' lang='lat' dir='ltr'>aventis</span> <span class='ocrx_word' id='word_1_216' title='bbox 474 3517 506 3572; x_wconf 85' lang='lat' dir='ltr'>ct</span> <span class='ocrx_word' id='word_1_217' title='bbox 518 3507 602 3581; x_wconf 78' lang='lat' dir='ltr'>coeli</span> <span class='ocrx_word' id='word_1_218' title='bbox 611 3507 761 3592; x_wconf 87' lang='lat' dir='ltr'>partibus</span> <span class='ocrx_word' id='word_1_219' title='bbox 773 3527 858 3584; x_wconf 81' lang='lat' dir='ltr'>esse3</span> 
     </span>
    </p>

    <p class='ocr_par' dir='ltr' id='par_1_10' title="bbox 158 3614 995 3813">
     <span class='ocr_line' id='line_1_32' title="bbox 158 3614 995 3682; baseline 0 -3"><span class='ocrx_word' id='word_1_220' title='bbox 158 3619 244 3682; x_wconf 87' lang='lat' dir='ltr'>Tum</span> <span class='ocrx_word' id='word_1_221' title='bbox 257 3617 350 3679; x_wconf 90' lang='lat' dir='ltr'>color</span> <span class='ocrx_word' id='word_1_222' title='bbox 365 3625 397 3680; x_wconf 87' lang='lat' dir='ltr'>et</span> <span class='ocrx_word' id='word_1_223' title='bbox 409 3615 509 3679; x_wconf 82' lang='lat' dir='ltr'>facies</span> <span class='ocrx_word' id='word_1_224' title='bbox 522 3614 697 3679; x_wconf 84' lang='lat' dir='ltr'>bominum</span> <span class='ocrx_word' id='word_1_225' title='bbox 708 3614 829 3679; x_wconf 87' lang='lat' dir='ltr'>distare</span> <span class='ocrx_word' id='word_1_226' title='bbox 837 3614 995 3680; x_wconf 83' lang='lat' dir='ltr'>videntur</span> 
     </span>
     <span class='ocr_line' id='line_1_33' title="bbox 160 3717 922 3813; baseline -0.003 -27"><span class='ocrx_word' id='word_1_227' title='bbox 160 3721 325 3810; x_wconf 83' lang='lat' dir='ltr'>largiter,</span> <span class='ocrx_word' id='word_1_228' title='bbox 341 3734 373 3787; x_wconf 92' lang='lat' dir='ltr'>et</span> <span class='ocrx_word' id='word_1_229' title='bbox 385 3723 496 3789; x_wconf 85' lang='lat' dir='ltr'>morbi</span> <span class='ocrx_word' id='word_1_230' title='bbox 503 3717 688 3810; x_wconf 83' lang='lat' dir='ltr'>generatim</span> <span class='ocrx_word' id='word_1_231' title='bbox 700 3725 787 3789; x_wconf 83' lang='lat' dir='ltr'>secla</span> <span class='ocrx_word' id='word_1_232' title='bbox 800 3733 922 3813; x_wconf 78' lang='lat' dir='ltr'>tenere.</span> 
     </span>
    </p>
   </div>
   <div class='ocr_carea' id='block_1_5' title="bbox 0 0 1303 4726">
    <p class='ocr_par' dir='ltr' id='par_1_11' title="bbox 0 0 1303 4726">
     <span class='ocr_line' id='line_1_34' title="bbox 0 0 1303 4726; baseline 0 0"><span class='ocrx_word' id='word_1_233' title='bbox 0 0 1303 4726; x_wconf 95' lang='lat' dir='ltr'> </span> 
     </span>
    </p>
   </div>
  </div>
 </body>
</html>
