2572 4732
284 342 488 417 LIBER
527 340 596 404 1v.
636 359 668 400 v.
698 339 766 420 725.
953 343 1009 415 143

44 489 146 573 Quae
153 483 310 566 veniunt,
320 484 455 547 veniant
466 482 502 544 in
513 492 674 564 mentem,
684 469 818 566 percipe
828 483 951 567 paucis.

88 592 258 675 Principio
274 595 339 655 hoe
353 591 445 674 dieo,
454 612 566 673 rerum
580 590 755 657 simulacra
765 593 890 679 vagari}

46 698 174 777 Multa,
184 695 292 758 modis
304 695 432 778 multis,
444 695 480 758 in
493 704 626 759 cunctas
636 696 783 775 undique
796 695 934 780 parteii,
1014 701 1016 705 ”

47 801 197 879 Terruia;
210 821 295 882 quae
309 800 406 865 facile
418 799 504 863 inter
515 821 550 863 se
562 801 748 886 iunguntur
758 801 794 864 in
807 802 929 884 aureis,

22 892 27 905 ¹
50 909 161 977 Obvia
173 927 276 988 quom
285 907 436 985 veniunt3
450 916 486 968 ut
499 924 634 987 aranea,
652 907 849 988 hraeteuque
860 908 944 971 auri.

50 1014 187 1100 Quippe
196 1013 319 1077 etenim
328 1012 433 1075 multo
443 1011 550 1097 magis
560 1013 641 1073 haec
650 1020 726 1074 sunt
735 1012 845 1074 tenuia
854 1024 959 1100 textu,

52 1125 163 1205 Quam
171 1142 256 1202 quae
264 1121 453 1205 percipiunt
462 1119 771 1201 oculos‚visumque
782 1121 962 1187 lacessunt:
1031 1192 1040 1217 t

55 1226 211 1310 Corporis
219 1228 300 1289 haec
312 1226 470 1307 quoniam
480 1233 654 1309 penetrant
662 1245 722 1306 per
731 1243 821 1308 rara,
835 1226 986 1311 cientque

55 1330 204 1392 Tenuem
216 1327 321 1391 animi
331 1338 482 1392 naturam
496 1329 601 1410 intur,
611 1347 807 1409 sensumque
820 1329 992 1399 lacessunt.

94 1439 279 1500 Centauros
290 1436 402 1516 itaque
411 1446 444 1499 et
451 1437 638 1520 Scyllarum
653 1435 803 1497 membra
813 1435 978 1524 videmus,
992 1434 1009 1473 ‘⁷

57 1538 296 1618 Cerbereasque
307 1559 427 1601 canum
438 1537 576 1621 fauceis,
585 1535 650 1600 sim
664 1562 669 1595 ι
686 1555 826 1619 aeraque
837 1558 971 1625 eorum,

57 1643 206 1726 Quorum
217 1650 322 1704 morte
335 1640 425 1704 obita
440 1641 537 1703 tellus
546 1638 756 1723 amplectitur
769 1659 858 1705 ossa:

58 1749 167 1811 Omne
178 1767 299 1831 genus,
313 1745 469 1828 quoniam
482 1744 603 1828 passim
617 1743 794 1808 simulacra
805 1746 971 1835 feruntur,

58 1847 181 1913 Partim
194 1860 311 1933 sponte
324 1869 382 1914 sua
395 1871 480 1931 quae
496 1849 580 1913 fiunt
593 1853 669 1911 aire
682 1848 720 1911 in
732 1842 823 1933 ipso,

58 1954 180 2048 Partim
191 1977 276 2037 quae
284 1957 383 2021 rariis
393 1960 436 2021 ab
448 1958 546 2020 rebus
557 1977 689 2036 cunque
697 1958 869 2041 recedunt,
954 1967 1013 2046 739

59 2062 94 2125 Et
104 2082 192 2145 quae
208 2063 385 2128 conficiunt
399 2085 439 2126 ex
451 2065 572 2126 horum
586 2061 674 2124 faeta
688 2059 813 2147 figuris.

60 2169 141 2231 Nam
152 2178 240 2258 certe
252 2190 293 2232 ex
304 2169 382 2232 vivo
393 2166 549 2232 Centauri
557 2186 626 2229 non
642 2165 679 2228 fit
695 2167 822 2254 imago,

61 2276 157 2340 Nulla
167 2276 234 2342 ,fuit
247 2277 405 2359 quoniam
417 2277 490 2340 talis
504 2287 623 2339 natura
636 2274 779 2339 animaiz

61 2380 184 2442 Verum
195 2380 253 2443 ubi
264 2382 340 2460 equi
350 2393 448 2463 atque
461 2380 605 2444 hominis
618 2401 693 2444 casu
704 2382 858 2446 convenit
868 2383 996 2474 imago,
1086 2422 1090 2430 ·

62 2486 228 2550 Haereseit
243 2487 339 2549 facile
352 2490 532 2571 extemplo,
543 2489 633 2569 quod
644 2488 787 2553 diximus
801 2502 878 2556 ante
882 2535 896 2575 ‚
909 2500 919 2519 ⁸

64 2595 197 2677 Propter
206 2592 360 2661 subtilem
374 2604 524 2658 naturam
539 2605 573 2657 et
585 2594 697 2658 tenuia
711 2573 809 2659 texta.

10 2730 14 2747 ι
99 2703 215 2764 Cetera
228 2703 400 2788 degenere
412 2703 477 2765 hoe
487 2701 603 2764 eadem
616 2701 743 2764 ratione
754 2711 917 2768 creantur.

65 2800 267 2885 Quaequom
280 2800 447 2866 mobiliter
455 2820 584 2864 summa
595 2799 727 2863 levitate
738 2802 904 2885 feruntur,

64 2902 104 2969 Ut
115 2906 208 2990 prius
219 2905 363 2988 ostendi,
372 2905 469 2969 facile
482 2923 551 2967 uno
562 2914 748 2967 commovet
762 2904 830 2967 ictu

52 3012 236 3098 Quaelibet
248 3006 316 3076 una
328 3011 477 3074 animum
488 3009 583 3073 nobis
591 3009 722 3073 subtilis
731 3009 854 3095 imagoa

60 3115 185 3184 Tenuis
197 3119 286 3182 enirn
301 3137 394 3182 mens
406 3126 469 3199 est,
479 3125 511 3180 et
523 3113 605 3178 mire
619 3113 765 3194 mobilis,
776 3111 859 3196 ipsa.

100 3223 501 3306 Haecfierintmemoro,
507 3221 603 3285 facile
609 3219 690 3284 'hinc
698 3237 896 3306 cognoscere
904 3219 1017 3303 possis,

56 3330 234 3413 Quatenus
246 3331 310 3392 hoc
324 3328 432 3392 simile
444 3335 491 3392 est
507 3325 575 3405 illi,
588 3327 678 3407 quod
690 3335 801 3388 mente
811 3325 960 3390 videmus
966 3371 980 3408 ,1

50 3431 413 3513 Atqueoculis,·simili
427 3430 499 3496 fieri
514 3424 643 3495 ratione
657 3450 787 3493 neeesse
800 3440 857 3493 est.
949 3424 951 3429 ⁸

53 3525 160 3597 Nune
170 3531 287 3621 igitur,
297 3533 395 3596 docui
404 3532 564 3613 quoniam
581 3555 634 3596 me
648 3533 733 3595 forte
748 3534 883 3594 leonum

54 3640 207 3701 Cernere
217 3660 277 3720 per
287 3638 479 3718 simulacra,
491 3639 604 3702 oeulos
613 3657 831 3720 quaecunque
838 3639 1019 3717 lacessunt3

53 3741 155 3811 Scire
168 3742 261 3841 ticet,
273 3754 416 3808 mentem
428 3741 530 3814 simili
541 3744 668 3810 ratione
682 3743 809 3811 moveri
865 3792 868 3797 -
