2550 4726
311 339 515 431 utnon
552 356 770 448 muncip
976 370 1016 431 sa

41 512 201 597 Mavult,
215 530 318 595 quam
331 511 438 577 laticis
448 511 622 596 proprium
640 510 790 593 proferre
803 530 978 590 vocamen3

43 622 301 702 Concedamus,
320 628 357 682 ut
368 618 424 683 hic
436 627 598 683 terrarum
615 617 742 682 diciret
760 619 879 681 orbem
976 644 979 649 ⁴

47 728 136 792 Esse
146 726 254 791 Dedin
273 734 430 808 matrem,
446 727 526 788 dum
540 743 619 787 vera
631 745 668 786 re
685 733 797 788 mmen
814 725 896 807 ipse.

100 837 203 916 Saepe
216 832 343 914 itaque,
357 852 398 895 ex
413 853 484 895 uno
497 833 667 921 tondentes
676 832 828 920 gramina
839 853 975 917 eampo,

50 934 241 1022 Lanigerae
256 938 418 1019 pecudes,
434 946 470 1000 et
485 956 646 1017 equorum
659 936 803 1000 duellica
814 939 941 1019 proles,
989 974 993 983 ·

51 1039 280 1120 Buoeriaeque
288 1059 425 1126 greges,
444 1041 560 1103 eodem
581 1039 800 1127 subtegmine
817 1039 916 1125 coeli,
935 1062 939 1071 ·

54 1144 111 1209 Ex
123 1166 257 1227 unoque
269 1145 358 1210 sitim
368 1149 518 1211 sedantes
531 1145 667 1208 flumine
683 1148 800 1228 aquai,

55 1246 219 1313 Dissimili
232 1249 349 1312 vivunt
359 1250 484 1332 speeie,
502 1250 665 1313 retinente
681 1259 852 1331 parentem

57 1356 234 1439 Naturam,
250 1367 281 1421 et
293 1377 402 1421 mores
411 1357 596 1444 generatim
608 1375 759 1437 quaeque
773 1355 961 1421 imitantur:

56 1462 167 1526 Tanta
180 1477 245 1546 est,
260 1466 296 1528 in
309 1465 427 1547 quovis
440 1486 564 1552 genere
576 1466 713 1544 herbae,
730 1460 882 1523 materiai

58 1568 235 1634 Dissimilis
252 1572 356 1649 ratio,
372 1581 463 1635 tanta
476 1581 525 1635 est
539 1571 575 1633 in
589 1569 726 1632 flumine
742 1587 886 1649 quoque.

58 1675 148 1741 Hinc
161 1699 263 1761 porro
279 1679 429 1760 quemvis
441 1678 644 1743 animantem
659 1696 701 1739 ex
720 1675 875 1738 omnibus
889 1696 957 1739 una

60 1781 156 1866 Ossa,
169 1805 281 1867 cruor,
294 1806 415 1866 uenae,
428 1788 530 1861 calor,
544 1787 680 1864 humor,
689 1782 831 1863 viscera,
848 1782 956 1865 nervi,

60 1893 285 1972 Constitnnnt;
306 1907 479 1976 quaesunt
492 1916 609 1978 porro,
629 1895 783 1957 distantia
794 1898 913 1981 longe,
973 1924 978 1935 ·

59 1996 223 2062 Dissimili
236 2001 380 2079 perlecta
391 1997 499 2082 figura
513 1997 764 2079 principiorum.
959 2002 1017 2078 672

104 2104 189 2165 'lum
203 2120 304 2183 porro
314 2120 530 2181 quaecunque
543 2099 614 2185 igni
625 2103 790 2163 flammata
805 2112 1006 2184 cremantur,
1027 2116 1033 2129 '

60 2202 101 2267 Si
113 2208 157 2270 nil
168 2217 356 2291 praeterea,
370 2216 481 2268 tamen
495 2207 576 2268 haee
591 2204 626 2267 in
638 2223 777 2287 corpore
789 2208 938 2284 aluntur,
1022 2246 1026 2255 -

60 2305 157 2375 Unde
170 2312 283 2397 ignem
298 2311 421 2392 iacere,
438 2311 593 2373 etlumen
606 2307 824 2391 summittere,
839 2308 983 2391 possint3

59 2409 290 2497 Scintillaeque
306 2436 419 2503 agere,
436 2419 552 2480 aelate
565 2411 698 2479 differre
712 2415 871 2478 favillam.

112 2525 220 2586 Cetera
236 2520 400 2586 consimili
417 2521 534 2584 mentis
550 2516 679 2583 ratione
695 2540 891 2607 peragrans,

23 2700 26 2704 .
66 2618 216 2690 Invenies
230 2627 333 2712 igitur
345 2627 525 2689 multarum
540 2627 668 2689 semina
683 2646 795 2688 rerum

71 2724 211 2814 Corpore
226 2732 349 2813 celare,
362 2741 396 2794 et
407 2730 514 2794 varias
526 2730 682 2796 cohibere
697 2727 829 2816 figuras.

115 2837 258 2919 Denique
269 2839 374 2900 multa
386 2835 493 2918 vides,
505 2836 665 2917 quibuset
676 2836 768 2897 color
780 2845 811 2894 et
821 2851 920 2913 sapor
930 2852 999 2896 una

79 2930 206 3003 Reddita
221 2952 296 3005 sunt
309 2961 385 3002 cnm
401 2941 520 3016 odore3
542 2935 694 3019 inprimis
703 2936 860 3016 pleraque
874 2937 978 3017 dona,

83 3036 240 3131 Religione
253 3044 403 3109 animum
420 3043 508 3126 turpi
523 3062 626 3123 quom
644 3049 777 3124 tangere
796 3048 902 3120 pacto.
996 3072 1001 3083 ·

86 3142 159 3216 Haec
171 3153 273 3241 igitur
288 3149 388 3216 variis
404 3149 524 3212 debent
538 3155 687 3210 constare
699 3143 829 3231 liguris:

9 3276 12 3285 ·
88 3246 172 3321 Nidor
183 3260 273 3323 enim
288 3264 455 3343 penetrat,
473 3274 539 3336 qua
554 3273 669 3316 succus
683 3271 752 3314 non
763 3251 789 3314 it
803 3251 840 3314 in
854 3261 959 3314 artus:

90 3356 189 3431 Sucaus
200 3367 279 3429 item
288 3384 454 3441 seorsum,
464 3368 503 3433 ,et
515 3380 663 3425 seorsum
673 3348 787 3443 sapor,
800 3357 988 3422 insinuatur

89 3461 241 3550 Sensibus3
258 3481 295 3534 ut
308 3489 422 3535 noscas
441 3466 557 3552 primis
574 3462 707 3531 differre
723 3463 847 3551 figuris.

88 3564 251 3640 Dissimiles
269 3576 372 3662 igitur
390 3575 516 3636 formae
534 3574 759 3658 glomeramen
777 3571 812 3632 in
830 3591 936 3633 unum

89 3669 298 3746 Conveniunt:
319 3691 350 3743 et
363 3699 416 3742 res
426 3677 589 3760 permixto
605 3677 730 3741 semine
744 3683 902 3739 constant.

120 3783 316 3873 Quinetiam
325 3806 447 3875 metm
459 3783 579 3860 nostris
597 3784 634 3847 in
650 3782 800 3849 versibus
812 3780 892 3866 ipsis
