2550 4726
187 556 854 684 T.LUCRET11cnR1

39 948 999 1103 uuuununnuun

60 1230 65 1241 ·
292 1215 477 1288 LIB'ER
507 1216 747 1291 PRIMUS.

396 1438 788 1583 -·····-··-····..

317 1606 716 1662 ARGUMENTUM.

30 1740 162 1795 luvocata
173 1737 204 1807 :in
219 1736 344 1806 principio
364 1737 450 1807 operis
460 1740 574 1807 yenere,
585 1740 664 1807 posita
675 1757 703 1795 v.
713 1757 756 1810 43.
767 1739 859 1796 transit
868 1741 898 1796 ad
909 1742 997 1800 laudo

103 1818 235 1896 Memmii,
245 1832 287 1899 eui
298 1833 375 1885 libros
389 1849 448 1887 suos
459 1814 490 1886 de
502 1834 594 1886 Rerum
607 1837 703 1889 Natura
720 1837 830 1892 dicavit:
843 1841 995 1907 Epicurum,
1083 1832 1088 1846 ’

101 1923 176 1976 cuius
188 1923 300 1976 rationes
316 1923 449 1990 sequitur,
464 1924 592 1988 celebraps
610 1927 642 1976 ab
658 1928 715 1979 eius
731 1929 846 1981 doctrina
860 1931 997 1998 impietatis

101 2016 227 2069 invidiam
241 2014 376 2073 2222122223
390 2014 538 2082 religionum
549 2054 557 2079 ,
573 2028 599 2068 et
609 2019 736 2088 vulgaris,
746 2031 772 2074 et
782 2022 913 2087 poetarum
924 2016 996 2074 corn-

102 2107 196 2162 rnentis
208 2118 361 2168 exornatae,
372 2105 537 2171 periculosum
548 2104 686 2171 vanitatem
697 2108 820 2167 2122122223
834 2109 959 2177 huiusque
970 2124 997 2177 et

101 2199 261 2269 sequentium
279 2197 398 2250 librorum
408 2208 462 2249 tum
474 2211 619 2269 argumenta
628 2200 764 2268 proponit,
774 2213 828 2252 turn
839 2205 996 2258 tractationis

102 2293 222 2362 po'e'ticae
235 2288 396 2342 difficultates
411 2290 538 2353 ostendit,
554 2306 582 2341 v.
594 2304 624 2352 45
638 2317 651 2331 -
665 2306 675 2340 1
682 2305 722 2356 59.
738 2290 837 2343 Deinde
847 2278 900 2342 rim
915 2292 993 2361 ipsum

100 2393 250 2451 aggressus,
260 2379 336 2431 docet
349 2379 370 2430 1.
382 2379 420 2430 Ex
430 2376 511 2431 nihilo
522 2378 584 2430 nihil
596 2376 651 2431 fieri
660 2416 668 2441 ,
678 2391 708 2432 ‘et
718 2379 744 2430 in
760 2380 866 2433 nihilum
876 2383 938 2436 nihil
952 2402 993 2439 re·

100 2469 171 2532 verti
181 2484 274 2537 posse,
288 2485 317 2520 v.
327 2467 375 2520 262
387 2496 400 2509 -
414 2468 473 2531 265.
495 2469 527 2519 ΙΙ.
542 2467 642 2520 Minuta
661 2485 723 2534 esse,
736 2471 854 2538 quaedem
865 2489 993 2540 torpore,

100 2576 184 2630 quae,
196 2560 258 2611 lieet
275 2560 321 2610 sub
337 2573 438 2610 sensum
452 2573 504 2608 non
517 2557 616 2619 cadam,
625 2570 710 2611 ruente
726 2571 809 2611 tamen
819 2561 919 2629 possint
929 2579 995 2615 con.

99 2650 165 2718 cipi,
174 2663 224 2703 ere
236 2648 327 2717 quibus
339 2663 380 2700 res
390 2662 477 2699 omnes
488 2661 682 2714 componantur,
694 2666 721 2699 v.
733 2649 780 2700 266
789 2676 802 2691 ·
814 2665 872 2718 329.
889 2651 935 2703 111:
945 2652 994 2706 His

100 2738 261 2808 corpusculis
271 2736 402 2807 subiungit
411 2753 532 2799 vacuum,
541 2752 587 2789 seu
597 2736 670 2790 inane
682 2738 806 2806 spatium,
815 2757 843 2789 v.
856 2755 923 2806 330·
930 2756 992 2810 43⁰·

100 2835 150 2886 lv.
161 2835 336 2895 Demonstrat,
349 2830 412 2883 nihil
421 2847 479 2883 esse
488 2843 587 2898 praeter
598 2848 692 2897 corpus
702 2847 728 2883 er
737 2834 830 2893 inune3
841 2834 936 2902 reliqua
948 2853 993 2888 22·

100 2935 169 2986 tem,
182 2939 245 2992 quae
256 2922 391 2994 videantur
404 2937 476 2983 esse,
486 2933 583 2971 tentum
599 2920 736 2972 coniuncta
749 2937 807 2972 esse
825 2923 868 2971 vel
885 2937 989 2986 eventa,

101 3015 273 3083 proprietates
293 3029 340 3065 seu
358 3010 501 3063 accidentia*
513 3006 627 3076 corporis
646 3019 673 3059 et
689 3007 789 3071 inanis,
803 3025 831 3060 v.
846 3025 892 3075 432
905 3035 920 3048 -
930 3013 992 3079 483,

97 3105 177 3171 Quod
189 3107 223 3157 sic
236 3103 412 3173 persequitur,
424 3114 454 3153 ur
472 3099 551 3168 prima
568 3102 822 3170 corpusculodoceat
836 3118 894 3156 esse
903 3104 989 3171 perfe-

100 3210 144 3250 cte
159 3196 254 3259 solida,
265 3213 293 3247 v.
303 3197 352 3259 484
364 3224 376 3236 ·
391 3196 448 3258 528.
468 3193 575 3262 ideoque
591 3192 745 3258 insecabilia,
759 3195 871 3258 minima,
886 3195 990 3266 (neque

97 3286 166 3339 enirn
182 3301 274 3354 eorpus
291 3282 318 3334 in
336 3281 464 3334 infinitum
480 3281 561 3334 dividi
576 3283 687 3351 posse,)
702 3296 728 3341 et
745 3297 863 3350 aeterna,
875 3303 902 3336 v.
916 3300 962 3352 529
974 3316 987 3329 -

100 3373 161 3442 635.
177 3373 281 3427 Refutat
294 3389 370 3440 porro
381 3371 560 3442 philosophos,
572 3370 616 3438 qui
629 3370 703 3422 aliter
717 3384 876 3437 statuerant,
888 3386 914 3424 et
930 3371 987 3440 qui.

99 3460 157 3512 dem
175 3459 435 3529 1)Heraenrum,qui
453 3459 551 3528 iguem
568 3458 696 3526 aliosque,
714 3458 758 3525 qui
775 3459 872 3521 aerem,
884 3475 987 3526 aquam,

98 3569 207 3619 terram,
220 3572 304 3608 rerum
317 3544 427 3606 omnium
439 3551 587 3622 principium
598 3567 652 3607 esse
662 3551 856 3614 contenderant,
870 3570 898 3605 v.
910 3552 958 3620 636
971 3553 986 3597 ..

97 3661 161 3714 712.
183 3645 213 3714 2)
229 3645 419 3713 Empedoclem,
435 3644 478 3694 eui
494 3644 633 3711 placuerat,
649 3658 690 3694 res
703 3659 718 3693 e
729 3655 838 3710 quatuor
858 3641 987 3696 elementis

94 3738 235 3808 componi,
248 3758 277 3797 2.
286 3754 333 3809 7¹3
343 3765 357 3782 ·
364 3741 423 3807 829.
439 3738 466 3808 3)
476 3737 659 3805 6222232222,
670 3734 714 3807 qui
724 3735 935 3791 homoeomerian
944 3737 986 3793 ine

126 3829 258 3883 Lucretius.
