2550 4726
154 341 195 420 54
363 340 430 406 nn
454 338 640 413 RERUM
667 326 880 405 Narone
947 356 981 403 v.
1002 342 1047 422 372

154 484 429 565 concharumque
439 503 544 569 genus
559 481 658 565 parili
676 480 805 545 ratione
818 482 970 546 ridemus

153 591 295 676 Pingere
307 584 432 652 telluris
447 589 626 674 gremium,
646 608 712 669 qua
724 587 884 652 'mollibus
899 587 1001 652 undis

153 694 273 760 Litoris
292 692 421 760 incurvi
438 692 587 756 bibulam
604 690 695 774 pavit
706 712 831 774 aequor
847 712 995 756 arenam.

154 800 266 883 Quare
280 798 379 862 etiam
398 803 496 876 atque
510 794 608 858 etiam
621 794 723 859 simili
736 796 866 859 ratione
882 817 1014 860 necesse
1030 816 1047 860 e

154 908 277 970 Natura
289 903 448 988 quoniam
462 911 624 984 constant,
642 917 751 984 neque
764 904 851 966 facta
867 924 969 967 manu
984 924 1047 969 suu

155 1010 262 1075 Unius
272 1011 315 1072 ad
329 1017 451 1073 certam
464 1006 608 1070 formam
622 1005 807 1089 primordia
823 1029 952 1089 rerum,

154 1113 316 1180 Dissimili
332 1114 419 1178 inter
428 1133 462 1176 se
481 1113 625 1192 quadam
638 1113 778 1176 volitare
793 1111 911 1198 figura.

196 1219 355 1284 Perfacile
368 1228 416 1282 est
428 1216 533 1281 animi
539 1214 672 1281 'ratione
685 1219 853 1281 exsolvere
868 1216 985 1301 nobis,

155 1323 268 1406 Quare
283 1320 461 1384 fulmineus
473 1321 579 1381 multo
594 1317 794 1401 penetralior
805 1318 908 1404 ignis,

104 1478 109 1485 .
156 1424 266 1507 Quam
278 1431 403 1505 noster,
419 1414 516 1504 fluat',
531 1442 550 1484 e
566 1419 668 1484 taedis
680 1419 884 1484 terrestribus
892 1429 1004 1489 ,ortus-

155 1510 274 1590 Dicere
289 1526 377 1593 enim
395 1525 514 1608 possis,
526 1529 699 1590 coelestem
711 1525 860 1589 fulminis
873 1526 1002 1609 ignem,

155 1633 317 1696 subtilem
329 1632 453 1721 magis,
467 1654 486 1695 e
502 1626 615 1716 parvis
628 1641 777 1696 constare
789 1631 923 1718 figuris3
944 1652 948 1657 ·

157 1739 264 1817 Atque
276 1737 353 1800 ideo
368 1737 507 1801 transire
522 1738 700 1821 foramina,
715 1744 802 1820 quae
815 1736 929 1818 nequit
938 1736 1029 1822 ignis

157 1843 275 1904 Noster
284 1841 356 1923 bie,
369 1861 387 1902 e
402 1840 503 1927 lignis
514 1852 621 1923 ortus,
636 1844 798 1924 taedaque
809 1851 947 1904 creatus.

199 1944 372 2005 Praetereo
383 1943 498 2007 lumen
511 1964 572 2027 per
587 1961 691 2007 cornu
706 1944 836 2022 transit;
850 1955 884 2007 at
896 1945 1007 2010 imber

158 2048 348 2131 Respuitur.
363 2050 495 2133 Quare?
509 2049 572 2111 nisi
585 2048 719 2112 luminis
731 2049 791 2113 illa
806 2051 940 2127 minora

96 2136 103 2147 ’
160 2153 406 2237 Corporasun't‚
420 2140 521 2235 quam
534 2153 575 2216 de
586 2150 762 2237 quibusest
772 2151 883 2233 liquor
899 2154 1008 2218 almus

397 2302 399 2307 -
686 2279 860 2340 aquarum.

198 2364 258 2444 Et,
273 2364 423 2444 quamvis
434 2364 560 2448 subito,
575 2387 635 2449 per
643 2367 754 2429 colum
766 2365 843 2428 vina
857 2365 1010 2432 videmus

158 2468 341 2545 Perlluere3
355 2479 388 2531 at
405 2479 518 2533 contra
533 2472 664 2534 lardum
680 2479 853 2535 cunctatur
866 2471 1014 2535 olivum:

160 2574 239 2654 Aut,
257 2574 336 2654 qula
347 2575 507 2639 nimirum
522 2577 704 2642 maioribus
719 2588 768 2642 est
783 2579 969 2662 elementis,

158 2678 225 2742 Aut
235 2676 340 2763 magis
349 2679 489 2744 hamatis
497 2680 585 2744 inter
596 2704 646 2763 se,
659 2703 785 2766 perque
799 2685 947 2766 plicatis3

159 2785 268 2867 Atque
279 2785 355 2849 ideo
369 2784 421 2869 fit,
437 2787 488 2852 uti
502 2808 571 2852 non
590 2799 656 2853 lam
671 2792 811 2855 deducta
824 2803 960 2875 repente

159 2890 251 2952 Inter
262 2907 298 2952 se
308 2889 434 2973 possint
445 2891 628 2976 primordia
640 2892 772 2980 singula
786 2913 939 2976 quaeque

95 3005 97 3008 ’
159 2995 298 3085 Singula
312 2983 373 3080 per
383 2997 567 3081 quoiusque
582 2997 746 3065 foramina
759 3020 965 3085 permanare.

200 3106 275 3167 Huc
293 3105 435 3189 accedit,
454 3109 505 3171 uti
521 3108 628 3174 mellis
642 3111 801 3192 lactisque
815 3111 978 3196 liquores)

157 3208 307 3271 Iocundo
322 3230 419 3273 sensu
435 3211 583 3296 linguae,
603 3222 783 3278 tractentur
800 3215 837 3277 in
853 3236 932 3292 ore3

159 3314 202 3375 At
216 3320 331 3377 contra
346 3321 448 3376 taetra
467 3314 608 3377 absinthi
622 3324 740 3380 natura
749 3317 879 3400 ferique

160 3415 317 3481 Centauri
331 3418 430 3482 foedo
441 3428 656 3503 pertorquent
671 3440 731 3485 ora
745 3442 882 3506 sapore;

161 3523 206 3587 Ut
218 3521 312 3587 facile
326 3541 497 3609 agnoscas,
511 3545 530 3586 e
542 3525 692 3590 laevibus
705 3535 803 3609 atque
813 3531 967 3597 rotundis

161 3629 238 3692 Esse
251 3651 305 3714 ea,
318 3653 403 3716 quae
412 3630 680 3702 sensus'iocunde
694 3647 831 3726 tangere
842 3650 1000 3723 possunt:

161 3737 205 3800 At
215 3745 343 3822 contra,
354 3758 440 3823 quae
448 3760 562 3807 amara
570 3749 668 3824 atque
676 3761 792 3829 aspera
805 3763 937 3826 cunque
947 3742 1047 3811 viden
