2572 4732
255 360 297 425 to
454 357 522 423 nn
547 358 740 425 aaron
770 361 989 427 narona
1045 383 1078 426 v.
1101 379 1177 445 247.

253 503 682 585 Pondera,quantumiuse
690 514 748 587 est,
758 526 827 569 non
835 527 930 589 posse
938 506 1076 591 obliqua
1084 518 1223 596 meam

252 606 301 669 Ex
311 627 430 689 supero
441 628 544 689 quom
552 608 887 693 praecipitant,quod
899 634 1033 677 cernere
1039 614 1157 699 possis.
1216 662 1219 667 -
1276 629 1278 633 '

250 718 317 782 Sed
326 716 411 780 nihil
427 718 565 782 omnino
578 729 667 782 recta
682 719 817 807 regione
832 723 901 785 viai
1260 698 1264 707 Ι

250 821 440 906 Declinare‚
451 821 524 903 quis
536 832 600 906 est,
611 825 673 907 qui
684 826 787 907 possit
800 848 949 910 cernere,
959 829 1050 891 sese?

288 928 619 1013 Deniquesisemper
628 940 736 996 motus
747 935 954 999 connectitur
964 933 1089 1017 omnis,

248 1039 288 1100 Et
299 1046 409 1102 vetere
421 1041 566 1105 exoritur
579 1062 709 1123 semper
720 1063 825 1105 novus
834 1042 950 1106 ordine
958 1050 1068 1124 certe,
1155 1023 1157 1026 ¹

224 1224 227 1230 Ι
247 1145 315 1207 Nec
323 1146 523 1208 declinando
536 1142 663 1210 faciunt
674 1146 855 1229 primordia
869 1157 978 1211 motus

246 1250 452 1334 Principium
461 1254 649 1333 quoddam,
659 1254 750 1332 quod
763 1252 823 1314 fati
835 1253 968 1315 foedera
978 1260 1126 1336 rumpat,

246 1356 295 1417 Ex
310 1353 442 1418 infinito
453 1376 495 1417 ne
508 1351 640 1419 causam
655 1374 754 1418 causa
766 1365 938 1436 sequatur:
1028 1366 1031 1372 '
1137 1416 1142 1427 ,

245 1458 365 1523 Libera
373 1483 434 1543 per
444 1471 545 1523 terras
559 1461 647 1523 unde
659 1462 742 1523 haec
757 1460 981 1525 animantibus
993 1470 1113 1542 exstat,

245 1567 342 1627 Unde
353 1576 401 1628 est
410 1568 506 1646 haec,
518 1562 669 1645 inquam,
682 1563 756 1628 fatis
767 1566 895 1646 avolsa,
905 1567 1075 1648 voluntas,

243 1672 306 1732 Per
317 1691 417 1749 quam
427 1669 675 1754 progredimur,
686 1690 752 1750 quo
763 1669 854 1733 ducit
863 1691 1030 1753 quemque
1038 1673 1207 1757 voluptas
1241 1682 1248 1691 '

243 1773 456 1837 Declinamus
468 1773 547 1835 item
562 1781 685 1852 motus,
700 1793 761 1834 nec
775 1782 923 1854 tempore
935 1783 1039 1856 certo,

242 1880 310 1969 Nec
324 1878 458 1965 regione
468 1875 534 1940 loci
547 1885 648 1956 certa,
658 1877 717 1938 sed
729 1874 778 1937 uti
791 1875 864 1957 ipsa
878 1876 953 1940 tulit
970 1878 1084 1941 mens?
1168 1901 1171 1905 ²

241 1984 326 2047 Nam
343 1981 443 2045 dubio
457 1981 574 2064 procul
588 1977 640 2041 his
651 1978 749 2041 rebus
759 1998 818 2040 sua
831 1976 950 2060 cuique
961 1980 1113 2044 voluntas
1137 1986 1203 2061 ¹261

241 2063 534 2170 Principium.tiat;
545 2095 579 2149 et
593 2083 672 2147 hinc
686 2094 795 2146 motus
810 2104 870 2167 per
883 2084 1207 2173 membrarigantur.

241 2193 361 2254 Nonne
370 2190 461 2255 vides
473 2190 589 2270 etiam,
600 2187 770 2272 patefactis
783 2197 932 2271 tempore
942 2192 1066 2271 puncto

243 2293 453 2376 Carceribus,
463 2314 533 2357 non
542 2312 636 2376 posse
649 2301 760 2354 tamen
770 2310 986 2377 prorumpere
999 2313 1161 2374 equorum

241 2401 319 2466 Vim
332 2403 488 2485 cupidam
502 2411 570 2466 tam
582 2402 624 2463 de
637 2399 764 2481 subito,
777 2418 878 2482 qnam
889 2421 982 2465 mens
993 2412 1067 2467 avet
1079 2403 1174 2489 ipsa?
1249 2394 1252 2399 ’

243 2508 361 2572 Omnis
375 2508 465 2572 enim
478 2518 583 2572 totum
596 2528 657 2590 per
672 2525 791 2587 corpus
804 2506 953 2569 materiai

242 2611 347 2694 Copia
361 2610 514 2690 conquiri
526 2611 638 2688 debet,
648 2609 776 2671 concita
788 2630 848 2691 per
859 2619 949 2673 artus

242 2718 395 2799 Omncis,
405 2726 443 2779 ut
457 2715 603 2781 studium
619 2714 740 2779 mentis
753 2735 902 2779 connexa
913 2724 1086 2798 sequatur:

153 2869 157 2875 -
240 2827 285 2887 Ut
294 2823 405 2888 videas
415 2824 537 2887 initum
550 2831 658 2885 motus
670 2842 690 2884 a
704 2825 802 2886 corde
816 2817 940 2907 creari,
1046 2830 1050 2835 ’
1163 2910 1166 2917 Ι
1242 2840 1250 2851 ·

239 2934 288 2994 Ex
299 2932 467 3015 animique
476 2935 647 2996 voluntate
661 2929 697 2992 id
711 2925 891 3013 procedere
902 2933 1065 3016 primum3

71 3096 82 3103 .
139 3074 143 3081 ·
238 3039 322 3102 Inde
333 3040 404 3102 dari
415 3059 519 3122 porro
529 3060 593 3127 per
608 3046 713 3100 totum
728 3056 862 3120 corpus,
873 3048 904 3103 et
918 3050 1017 3104 artus.

279 3148 346 3208 Nec
356 3146 466 3209 simile
480 3154 544 3227 est,
554 3153 590 3207 ut
605 3163 706 3225 quom
723 3141 858 3224 impulsi
871 3144 1082 3230 procedimus
1089 3116 1199 3233 acha,

202 3266 203 3269 ’
238 3251 375 3317 Viribus
385 3228 519 3315 alterius
531 3251 676 3338 magnis,
687 3269 874 3334 magnoque
886 3260 1015 3331 coactum

179 3437 184 3443 .
238 3359 321 3419 Nam
334 3366 404 3419 tum
422 3354 592 3419 materiem
608 3354 705 3418 totius
715 3374 861 3436 corporis
870 3373 1005 3420 omnem

238 3463 451 3546 Perspicuum
462 3470 509 3525 cst
520 3460 617 3525 nobis
631 3457 765 3522 invitis
755 3479 817 3540 ire,
827 3458 980 3542 rapique,

175 3627 178 3632 .
236 3568 350 3630 Donec
363 3586 436 3631 eam
447 3565 626 3631 refrenavit
637 3585 697 3647 per
711 3566 861 3627 membra
871 3568 1031 3632 voluntas.

235 3671 350 3734 Iamne
361 3673 579 3761 videsigitur,
590 3691 792 3754 quamquam
803 3672 853 3738 vis
864 3685 975 3740 extera
987 3677 1112 3745 munos

235 3775 355 3860 Mitt,
366 3785 399 3844 et
411 3777 533 3858 invitos
544 3787 639 3867 cogat
651 3780 830 3862 procedere
838 3800 953 3866 saepe,

846 3882 893 3907 s
