2550 4726
155 351 215 397 ιω
373 332 439 396 uu
466 331 650 394 neuun
678 291 969 397 usrurr'w.
988 288 1073 395 nse.

154 475 222 561 Qui
233 476 370 543 delubra
381 474 490 540 Deum
503 496 592 541 nove
601 484 670 540 toto
685 476 818 541 suscitet
827 477 904 541 orbi

154 585 351 664 Terrarum,
361 593 394 648 et
403 583 493 648 festis
501 582 588 672 eogit
599 585 764 648 celebrare
774 584 905 648 diebus=

153 691 229 754 Non
243 690 290 753 ite
304 687 438 752 difficile
448 699 496 753 est
508 689 672 752 rationem
683 691 822 753 reddere
831 689 953 760 verbis,

196 792 459 878 Quippe'etenim
472 790 540 855 iem
552 803 621 856 tum
630 792 750 858 Divum
761 793 915 857 mortalia
928 794 1015 860 secie

154 897 310 984 Egregius
319 897 433 960 animo
442 896 542 961 facies
552 896 895 985 vigilentessvidebent,

153 1007 196 1068 Et
208 1002 311 1090 magis
324 1001 361 1064 in
374 1001 513 1082 somnis,
522 1000 676 1062 mirando
687 998 957 1082 eorporis-auctu.

153 1104 216 1170 nis
230 1105 332 1191 igitur
340 1120 473 1167 sensum
488 1102 875 1186 tribuebant,propterea
885 1107 985 1186 qued·

154 1211 306 1273 Membra
319 1227 454 1273 movere
459 1208 672 1288 videbuntur,
684 1229 845 1290 voeesque
858 1214 1021 1293 superbas

154 1313 287 1381 Mittere
297 1301 359 1397 pru
369 1312 453 1377 faeie
464 1314 650 1397 praeclare,
663 1322 696 1377 et
705 1313 831 1378 viribus
840 1315 979 1397 amplis:

155 1421 398 1499 Aeternumque
409 1420 534 1481 debent
543 1417 661 1498 vitam,
672 1417 751 1497 quia
759 1438 893 1500 semper
903 1438 1017 1483 eorum

156 1524 436 1608 suppeditabatur
445 1522 559 1615 facies,
571 1533 605 1586 et
616 1525 723 1586 forme
736 1525 909 1588 manebat:

151 1636 198 1696 ‘Et
211 1644 322 1698 tamen
332 1633 488 1715 omnino,
497 1635 587 1714 quod
599 1633 695 1698 tantis
704 1632 831 1696 viribus
844 1642 959 1698 eustos

70 1737 73 1743 ’
156 1741 231 1800 Non
244 1749 365 1800 temere
374 1739 443 1800 ulla
452 1737 488 1798 vi
497 1735 651 1800 convinci
663 1757 760 1820 posse
769 1739 944 1823 putabunt.

156 1826 375 1924 fortunisque
388 1843 465 1906 ideo
473 1844 573 1930 louge
584 1853 750 1926 praestare
760 1845 938 1928 putebant,
1047 1837 1050 1841 ’

158 1951 258 2037 Quod
272 1947 389 2011 mortis
400 1947 500 2010 timor
507 1950 599 2011 haud
606 1968 806 2031 quemquem
816 1958 952 2015 vereret
960 1970 1078 2026 eorum,

157 2060 197 2123 Et
207 2057 308 2123 simul
316 2056 352 2119 in
362 2055 487 2120 romnis
495 2056 573 2138 quie
585 2058 690 2120 multa
701 2058 992 2137 etmiravidebent
1038 2056 1099 2120 nto

156 2162 309 2246 Efficere,
320 2173 353 2227 et
360 2164 493 2226 nullum
504 2182 623 2245 cepere
631 2163 719 2248 ipsos
730 2163 810 2228 inde
825 2165 985 2229 laborem.

199 2269 896 2365 Praeteree,eeelirationes,ordineeerto,
1012 2284 1015 2289 ·

158 2381 199 2442 Et
208 2379 302 2441 varia
315 2399 479 2442 annorum
490 2382 668 2444 cernebant
682 2379 943 2462 temporavorti;

158 2486 227 2546 Nee
234 2492 387 2564 poterent
398 2483 517 2562 quihus
525 2482 561 2543 id
570 2480 663 2545 fieret
677 2500 875 2568 eognoseere
884 2482 1004 2548 causis·

159 2588 247 2672 Ergo
258 2586 445 2672 perfugium
453 2585 518 2649 sibi
526 2588 707 2669 habebant,
717 2588 831 2678 omnip
837 2590 933 2655 Divis

85 2719 87 2722 ·
160 2692 318 2771 Tradere,
331 2700 363 2752 et
373 2690 508 2754 illerum
517 2700 600 2753 nutu
615 2693 724 2757 fecere
735 2694 849 2757 omniu
864 2696 963 2760 flecti.

200 2796 240 2858 ln
254 2798 413 2876 coeloque
422 2793 530 2859 neem
541 2796 645 2860 sedeis
655 2807 688 2861 et
699 2801 822 2884 temple
833 2801 1004 2884 lecerunt,

159 2897 223 2957 Per
232 2896 363 2959 eoelum
372 2896 464 2959 volvi
473 2897 552 2980 quia
561 2918 630 2960 nox
643 2908 675 2960 et
689 2900 770 2961 luna
781 2898 959 2965 videntur:

161 3005 369 3087 Lune,dies,
380 3015 412 3069 et
421 3016 548 3089 nor‚et
562 3006 667 3070 noetis
683 3007 916 3094 signasevere,
1014 3027 1017 3032 ·

160 3108 424 3199 Noctivagaeque
437 3111 524 3174 feces
535 3109 620 3173 coeli
629 3155 639 3190 ,
648 3113 865 3193 flammaeque
874 3115 1043 3196 volantes,

160 3215 299 3296 Nubila,
309 3217 374 3295 sol,
387 3215 521 3298 imbres,
534 3216 609 3297 nix,
618 3216 725 3298 venti,
737 3216 890 3298 fulmine,
900 3220 1050 3303 grando,

160 3323 200 3387 Et
214 3321 322 3405 rapidi
333 3321 501 3403 fremitus,
512 3333 544 3384 et
554 3332 724 3385 murmura
737 3343 860 3410 magna
876 3326 1060 3390 minarum.

204 3431 234 3492 0
246 3450 351 3516 genus
363 3427 480 3491 infelix
493 3432 693 3492 humanum!
710 3431 788 3493 talia
797 3430 891 3493 Divis

162 3532 273 3615 Quom
285 3532 399 3595 tribuit
409 3533 512 3616 facta,
522 3544 621 3616 atque
634 3535 700 3599 iras
713 3533 862 3597 adiunxit
875 3536 1029 3599 eeerbesr

163 3638 311 3721 Quantos
323 3649 394 3700 tum
403 3637 544 3725 gemitus
555 3638 619 3721 ipsi
629 3635 707 3720 sibi,
717 3646 906 3718 quantaque
917 3638 1016 3700 nobis

160 3743 307 3808 Volnera
314 3790 324 3829 ,
337 3767 418 3828 ques
428 3749 592 3815 lacrumas
600 3766 759 3835 peperere
770 3746 949 3812 minoribu’
957 3747 1084 3815 nestris
1092 3752 1109 3812 t-
