2550 4726
155 327 200 389 no
358 323 424 387 DE
452 320 647 385 RERUM
675 317 899 385 NATURA
954 338 989 382 v.
1009 320 1080 382 561.

157 466 211 534 sic
221 466 299 549 tibi,
315 466 344 530 si
355 464 449 529 finita
464 466 566 529 semel
582 464 766 549 primordia
781 464 946 547 quaedam

158 573 357 654 constitues,
377 592 496 635 aevom
510 572 678 633 debebunt
691 590 803 652 sparsa
816 590 877 654 per
887 589 990 635 omne

155 681 335 747 Disiectare
346 694 452 744 aesms
468 678 593 741 divorsi
607 678 778 741 materiatis

153 786 333 865 Nunquam
350 782 387 845 in
404 781 583 847 concilium
597 791 633 844 ut
644 779 771 865 possint
783 774 955 863 compulsa
964 780 1069 861 coire3

155 889 224 950 Nec
241 886 454 979 remorari'in
468 885 624 968 concilio,
642 906 705 948 nec
722 905 867 948 crescere
880 886 1040 947 adaucta:

155 997 306 1081 Quorum
320 1003 498 1077 utrumque
508 995 620 1078 palam
633 990 707 1054 ficri
721 991 894 1056 manifesta
904 993 1001 1055 docet
1016 996 1093 1074 res,1

154 1100 196 1161 Et
209 1120 260 1162 res
272 1098 446 1188 progigni,
464 1108 497 1163 et
510 1099 639 1186 genitas
650 1116 858 1180 procrescere
867 1116 974 1179 posse.

155 1203 232 1266 Esse
248 1200 350 1288 igitur
359 1195 530 1288 genere'in
542 1200 659 1283 quovis
674 1199 859 1283 primordia
870 1221 983 1264 rerum

153 1303 288 1368 Infinita
303 1307 415 1389 palam
429 1315 492 1387 est,
505 1307 595 1368 unde
607 1304 723 1367 omnia
736 1303 1000 1389 suppeditantur.

196 1414 264 1475 Nec
276 1396 433 1496 superare
446 1421 573 1494 queunt
587 1421 695 1474 motus
711 1411 824 1494 itaque
837 1411 984 1475 exitiales

156 1522 337 1603 Perpetuo,
356 1539 464 1600 neque
474 1518 511 1581 in
524 1526 695 1580 aeternum
707 1516 848 1601 sepelire
861 1519 1020 1595 salutem

154 1624 223 1685 Nec
232 1643 334 1705 porro
345 1644 457 1687 rerum
472 1624 631 1711 genitales
648 1621 857 1704 auctificique

153 1730 264 1791 Motus
282 1738 442 1810 perpetuo
454 1737 590 1813 possunt
608 1747 740 1793 servare
756 1736 876 1793 creata.

155 1833 209 1897 Sic
221 1854 328 1914 aequo
344 1831 470 1918 geritur
490 1832 669 1897 certamine
688 1828 943 1917 principiorum,

154 1940 205 2002 Ex
223 1938 356 2002 infinito
373 1950 577 2004 contractum
591 1950 754 2024 tempore,
765 1940 903 2003 bellum.

153 2044 333 2126 Nunchic,
347 2068 436 2109 nunc
447 2045 536 2128 iilic,
549 2045 831 2128 superantvitnlia
851 2064 982 2126 rerum,
1058 2040 1117 2124 576

152 2154 194 2215 Et
213 2163 410 2236 superantur
423 2153 520 2217 item:
539 2154 694 2219 miscetur
706 2154 824 2217 funere
840 2171 963 2238 vagor,

154 2262 263 2342 Quem
280 2260 376 2342 pueri
392 2262 528 2342 tollunt,
542 2261 684 2323 visentes
696 2258 832 2323 luminis
843 2278 938 2322 ores:

152 2364 221 2425 Nec
234 2383 302 2424 nox
311 2340 380 2425 ulia
391 2363 496 2445 diem,
509 2384 617 2444 neque
630 2370 760 2424 noctem
777 2381 915 2445 aurora,
932 2369 1044 2426 secuta
1054 2364 1117 2445 est,

153 2470 248 2551 Quae
258 2469 481 2532 non-audierit
494 2470 615 2534 mixtos
626 2469 794 2556 vagitibus
805 2467 899 2555 aegri

153 2574 320 2655 Ploratus‚
334 2574 453 2657 mortis¹
461 2575 596 2640 comites
612 2587 645 2640 et
656 2574 781 2640 funeris
793 2573 866 2638 atri.

194 2678 283 2740 illud
298 2677 397 2742 inhia
409 2677 620 2766 obsignatum
634 2700 766 2761 quoque
778 2682 877 2741 rebus
890 2679 1016 2742 habere

155 2783 334 2868 Convenit,
348 2794 380 2848 et
390 2785 531 2848 memori
545 2788 739 2849 mandatum
753 2796 863 2850 mente
881 2796 1009 2850 tenere:

153 2891 209 2954 Nil
222 2908 309 2974 esse,
321 2889 358 2953 in
370 2902 503 2976 promtu
522 2912 665 2975 quorum
677 2903 797 2957 natura
810 2892 959 2975 videtur,

153 2994 253 3078 Quod
267 3013 388 3080 genere
407 3016 448 3058 ex
464 3016 533 3060 uno
548 2996 702 3061 consistet
713 2997 978 3082 principiorum:

152 3098 222 3162 Nec
234 3099 434 3184 quidquam,
452 3105 621 3184 quodnon
633 3103 798 3186 permixto
810 3101 937 3167 semine
954 3109 1094 3166 constet.

152 3204 194 3267 Et
204 3224 422 3288 quaecunque
432 3209 536 3295 magis
547 3209 599 3301 pis
619 3212 739 3272 multas
751 3209 896 3292 possidet
910 3209 947 3273 in
959 3229 1010 3292 se,

154 3316 261 3395 Atque
273 3314 519 3399 potestateque
531 3315 678 3400 plurima
688 3317 933 3400 principiorum

153 3415 195 3478 ln
212 3439 280 3482 sese
296 3438 438 3506 genere,
456 3438 496 3483 ac
514 3420 622 3486 varies
635 3423 731 3485 docet
744 3438 812 3487 ease
827 3423 960 3511 figures.

97 3576 100 3581 ⁴
126 3576 129 3583 .
194 3524 379 3610 Principio,
396 3526 493 3591 telius
508 3527 609 3591 hebet
625 3525 662 3589 in
680 3540 715 3592 se
730 3546 872 3614 corpore
885 3532 1011 3616 prime,

154 3631 252 3693 Unde
266 3654 358 3698 mare
369 3633 568 3699 immensum
577 3637 746 3703 volventes
759 3636 897 3703 flumina
908 3640 1016 3706 fontes
1098 3645 1103 3656 '

157 3736 293 3803 Anione
306 3751 490 3812 movent:
505 3744 621 3829 hehet,
631 3743 725 3833 ques
741 3749 830 3815 unde
840 3744 1002 3812 orianurr.
