2550 4726
872 162 879 195 i

247 370 289 447 ss
455 370 519 435 on
544 372 738 435 nonum
762 370 982 439 urruns
1041 380 1168 465 ceu.

244 513 351 577 Mults
362 510 524 577 elementa
536 514 628 579 rides
647 514 759 578 multis
776 518 967 582 communia
979 519 1105 598 verbim

245 620 357 703 Quom
370 631 480 683 tamen
491 619 579 682 inter
588 640 623 685 se
632 642 746 686 versus
759 643 798 687 ae
809 626 912 688 verbs
925 640 1058 691 necesse
1067 634 1116 691 est

245 722 431 787 confiteare
441 724 506 786 slis
517 745 558 787 ex
571 723 646 789 aliis
659 738 809 792 constare
824 729 1010 793 elementis:

245 832 340 914 Non,
357 851 424 912 quo
438 832 562 915 mults,
572 852 692 917 parurn
709 834 911 919 communis,
928 836 1023 899 litem
1036 843 1159 921 curret,

245 939 311 1001 Aut
327 935 559 1001 nullainterse
576 938 645 1000 duo
659 935 726 1000 sint
743 958 785 1001 ex
801 938 957 1002 omnibus
971 940 1108 1015 eedem3

243 1041 310 1103 Sed
322 1037 400 1119 quia
411 1056 480 1100 non
491 1041 592 1125 volgo
606 1039 701 1122 paria
714 1039 870 1103 omnibus
886 1039 1000 1103 omnia
1013 1046 1170 1105 constani-

244 1144 298 1209 Sic
308 1142 381 1206 aliis
391 1143 426 1205 in
442 1145 540 1207 rebus
550 1144 631 1207 item
642 1145 836 1209 communia
847 1147 969 1228 multa,

244 1247 426 1309 Multarum
442 1267 555 1309 rerum
567 1267 669 1329 quom
687 1248 753 1312 sint
765 1247 961 1330 primordia,
981 1249 1082 1332 longe

126 1408 132 1427 .
244 1356 407 1423 Dissimili
423 1366 533 1421 temen
544 1356 633 1420 inter
648 1377 683 1420 se
699 1356 874 1422 consistere
890 1378 1021 1421 summo

244 1466 400 1529 Possunt:
414 1473 451 1524 ut
460 1463 580 1526 merito
594 1484 635 1526 ex
647 1463 720 1526 eliis
734 1473 883 1529 constare
896 1464 1022 1527 feratur

245 1570 440 1633 Humanum
452 1584 574 1653 genus,
583 1577 620 1629 ut
634 1568 760 1655 fruges,
771 1570 969 1649 arbustaque
984 1568 1081 1629 laetu.
1181 1610 1185 1621 .

285 1676 353 1737 Nec
363 1684 473 1737 tamen
483 1673 685 1737 omnimodis
695 1673 846 1737 connecti
855 1692 950 1757 posse
961 1675 1148 1757 putandum
1156 1660 1255 1735 eil

245 1779 384 1843 Omnia:
399 1798 476 1840 nam
487 1779 586 1864 volgo
599 1777 671 1841 fieri
687 1789 841 1863 portenta
856 1778 1004 1855 videres3

210 1962 214 1971 ,
244 1887 418 1953 Semiferos
427 1886 602 1951 hominum
617 1889 742 1971 species
754 1886 921 1966 exsistere3
934 1896 966 1950 et
980 1889 1065 1951 altos

243 1999 416 2061 Interdum
428 2019 538 2062 ramos
553 2021 572 2062 e
584 1980 678 2086 gigni
692 2018 832 2081 corpore
844 1997 942 2061 vivo:

243 2107 415 2189 Multaque
431 2105 583 2169 connecti
597 2103 761 2167 terrestria
776 2105 928 2167 membra
941 2101 1107 2165 marinist·
1147 2106 1266 2182 705ae

243 2212 331 2275 'lum
347 2214 513 2274 flammam
527 2218 631 2274 taetro
644 2208 818 2291 spiranteis
832 2230 890 2273 ore
899 2208 1093 2271 Chimaeras
1181 2232 1185 2243 ¹

243 2320 381 2384 Poscere
393 2331 546 2383 naturam
563 2339 623 2400 per
639 2328 741 2382 terras
757 2317 1025 2401 omniparenteis.

244 2426 396 2508 Quorum
412 2422 460 2486 nil
475 2419 549 2484 fieri
562 2418 772 2485 manifestum
790 2431 854 2500 est3
869 2420 982 2483 omnia
1000 2420 1136 2501 quando

245 2529 433 2591 Seminibus
447 2527 544 2590 certis
559 2538 647 2590 ee'rta
660 2527 826 2613 genetrice
845 2536 955 2590 crecta

244 2628 447 2689 conservare
462 2649 568 2712 genus
583 2627 762 2689 crescentia
776 2647 871 2708 posse
881 2626 1043 2689 videmus.

283 2728 415 2792 Scilicet
427 2729 463 2793 id
480 2734 569 2793 certa
583 2729 655 2793 fieri
672 2731 800 2792 ratione
815 2748 945 2793 necesse
957 2736 1022 2790 est:

242 2833 327 2895 Nem
336 2853 396 2895 sua
405 2833 552 2914 quoique
563 2832 645 2896 cibis
656 2854 696 2896 ex
705 2833 861 2896 omnibus
870 2832 957 2894 intus
970 2829 1006 2892 in
1021 2834 1115 2891 artus
1129 2847 1130 2850 ’

242 2939 590 3022 Corpora'discedunt;
605 2960 819 3022 connexaque
832 2934 1079 3002 convenienteis

241 3041 397 3108 Efficiunt
408 3055 534 3108 motust
545 3055 578 3108 at
592 3057 706 3110 contra
719 3049 828 3112 aliena
839 3047 991 3110 videmus
1089 3066 1093 3075 ·

241 3155 391 3217 Reiicere
402 3155 438 3216 in
452 3165 554 3218 terras
568 3166 735 3231 naturam3
752 3158 922 3236 multoque
936 3150 1042 3216 caecis

242 3256 443 3339 Corporibus
457 3257 589 3343 fugiunt
602 3280 621 3320 e
637 3280 774 3341 corpore
787 3259 909 3341 percita
923 3256 1047 3343 plagis3

242 3369 337 3450 Quae
346 3386 455 3445 neque
465 3366 614 3428 connecti
626 3384 793 3447 quoquam
805 3375 955 3448 potuere,
968 3382 1077 3444 neque
1086 3360 1177 3427 inter

242 3456 501 3535 Vituleis'motus
514 3469 712 3551 consentire,
728 3480 826 3550 utque
842 3467 995 3531 animari.

282 3576 358 3657 Sed,
374 3598 416 3640 ne
431 3577 515 3638 forte
529 3586 622 3658 putes
638 3574 797 3639 animalia
808 3578 878 3637 sola
897 3564 1002 3638 teneri

242 3678 385 3764 Legibus
400 3682 467 3764 his,
484 3684 645 3763 quaedam
660 3683 743 3743 ratio
756 3681 959 3745 disterminat
973 3678 1113 3744 omneis.

243 3785 338 3864 Nem,
354 3785 459 3849 veluti
470 3797 537 3850 tota
547 3783 849 3853 nature'dissimiles
859 3796 936 3855 sunt
