<?xml version="1.0" encoding="UTF-8"?>
<!DOCTYPE html PUBLIC "-//W3C//DTD XHTML 1.0 Transitional//EN"
    "http://www.w3.org/TR/xhtml1/DTD/xhtml1-transitional.dtd">
<html xmlns="http://www.w3.org/1999/xhtml" xml:lang="en" lang="en">
 <head>
  <title>
</title>
<meta http-equiv="Content-Type" content="text/html;charset=utf-8" />
  <meta name='ocr-system' content='tesseract 3.04.00' />
  <meta name='ocr-capabilities' content='ocr_page ocr_carea ocr_par ocr_line ocrx_word'/>
</head>
<body>
  <div class='ocr_page' id='page_1' title='image "./dererumnaturali00carugoog_0014.png"; bbox 0 0 2550 4726; ppageno 0'>
   <div class='ocr_carea' id='block_1_1' title="bbox 533 266 1156 361">
    <p class='ocr_par' dir='ltr' id='par_1_1' title="bbox 533 266 1156 361">
     <span class='ocr_line' id='line_1_1' title="bbox 533 266 1156 361; baseline 0.005 -15"><span class='ocrx_word' id='word_1_1' title='bbox 533 266 812 349; x_wconf 54' lang='lat' dir='ltr'>VITA</span> <span class='ocrx_word' id='word_1_2' title='bbox 1092 288 1156 361; x_wconf 76' lang='lat' dir='ltr'>ru</span> 
     </span>
    </p>
   </div>
   <div class='ocr_carea' id='block_1_2' title="bbox 139 425 1250 3826">
    <p class='ocr_par' dir='ltr' id='par_1_2' title="bbox 139 425 1156 1188">
     <span class='ocr_line' id='line_1_2' title="bbox 151 425 1156 518; baseline 0.003 -14"><span class='ocrx_word' id='word_1_3' title='bbox 151 428 316 507; x_wconf 77' lang='lat' dir='ltr'>Caesar</span> <span class='ocrx_word' id='word_1_4' title='bbox 340 429 406 505; x_wconf 91' lang='lat' dir='ltr'>lib.</span> <span class='ocrx_word' id='word_1_5' title='bbox 430 426 458 503; x_wconf 80' lang='grc' dir='ltr'><strong>ῑ</strong></span> <span class='ocrx_word' id='word_1_6' title='bbox 476 446 512 505; x_wconf 89' lang='lat' dir='ltr'>et</span> <span class='ocrx_word' id='word_1_7' title='bbox 528 430 591 507; x_wconf 85' lang='lat' dir='ltr'><strong>III.</strong></span> <span class='ocrx_word' id='word_1_8' title='bbox 610 429 659 504; x_wconf 88' lang='lat' dir='ltr'>de</span> <span class='ocrx_word' id='word_1_9' title='bbox 677 430 780 506; x_wconf 87' lang='lat' dir='ltr'>bello</span> <span class='ocrx_word' id='word_1_10' title='bbox 794 427 908 518; x_wconf 67' lang='lat' dir='ltr'>civilis</span> <span class='ocrx_word' id='word_1_11' title='bbox 923 442 967 502; x_wconf 87' lang='lat' dir='ltr'>ut</span> <span class='ocrx_word' id='word_1_12' title='bbox 983 425 1156 515; x_wconf 69' lang='lat' dir='ltr'>aenum</span> 
     </span>
     <span class='ocr_line' id='line_1_3' title="bbox 142 538 1155 638; baseline 0.003 -26"><span class='ocrx_word' id='word_1_13' title='bbox 142 541 254 632; x_wconf 78' lang='lat' dir='ltr'>sit,</span> <span class='ocrx_word' id='word_1_14' title='bbox 279 542 488 617; x_wconf 86' lang='lat' dir='ltr'>Lucretium</span> <span class='ocrx_word' id='word_1_15' title='bbox 511 554 657 638; x_wconf 69' lang='lat' dir='ltr'>poetam</span> <span class='ocrx_word' id='word_1_16' title='bbox 685 542 817 623; x_wconf 85' lang='lat' dir='ltr'>horum</span> <span class='ocrx_word' id='word_1_17' title='bbox 827 540 985 617; x_wconf 74' lang='lat' dir='ltr'>«alicuius</span> <span class='ocrx_word' id='word_1_18' title='bbox 1009 538 1155 625; x_wconf 75' lang='lat' dir='ltr'>nauem</span> 
     </span>
     <span class='ocr_line' id='line_1_4' title="bbox 139 650 1155 751; baseline 0.003 -26"><span class='ocrx_word' id='word_1_19' title='bbox 139 674 420 751; x_wconf 84' lang='lat' dir='ltr'>germanum,</span> <span class='ocrx_word' id='word_1_20' title='bbox 435 668 498 725; x_wconf 91' lang='lat' dir='ltr'>aut</span> <span class='ocrx_word' id='word_1_21' title='bbox 509 655 709 748; x_wconf 80' lang='lat' dir='ltr'>patruelem</span> <span class='ocrx_word' id='word_1_22' title='bbox 723 650 840 727; x_wconf 85' lang='lat' dir='ltr'>fuisse·</span> <span class='ocrx_word' id='word_1_23' title='bbox 853 651 986 745; x_wconf 86' lang='lat' dir='ltr'>Neque</span> <span class='ocrx_word' id='word_1_24' title='bbox 1000 673 1060 723; x_wconf 89' lang='lat' dir='ltr'>me</span> <span class='ocrx_word' id='word_1_25' title='bbox 1072 675 1155 727; x_wconf 80' lang='lat' dir='ltr'>mo·</span> 
     </span>
     <span class='ocr_line' id='line_1_5' title="bbox 145 759 1155 857; baseline -0.001 -24"><span class='ocrx_word' id='word_1_26' title='bbox 145 776 276 855; x_wconf 60' lang='lat' dir='ltr'>vet,</span> <span class='ocrx_word' id='word_1_27' title='bbox 294 762 398 857; x_wconf 90' lang='lat' dir='ltr'>quod</span> <span class='ocrx_word' id='word_1_28' title='bbox 418 763 543 836; x_wconf 84' lang='lat' dir='ltr'>Caesar</span> <span class='ocrx_word' id='word_1_29' title='bbox 557 764 636 836; x_wconf 88' lang='lat' dir='ltr'>libr.</span> <span class='ocrx_word' id='word_1_30' title='bbox 650 763 678 836; x_wconf 92' lang='grc' dir='ltr'>Ι.</span> <span class='ocrx_word' id='word_1_31' title='bbox 695 761 742 835; x_wconf 91' lang='lat' dir='ltr'>de</span> <span class='ocrx_word' id='word_1_32' title='bbox 758 762 857 834; x_wconf 90' lang='lat' dir='ltr'>bello</span> <span class='ocrx_word' id='word_1_33' title='bbox 878 761 996 850; x_wconf 80' lang='lat' dir='ltr'>civili,</span> <span class='ocrx_word' id='word_1_34' title='bbox 1021 759 1155 841; x_wconf 55' lang='lat' dir='ltr'>Lucam</span> 
     </span>
     <span class='ocr_line' id='line_1_6' title="bbox 155 867 1156 968; baseline -0.006 -20"><span class='ocrx_word' id='word_1_35' title='bbox 155 872 283 948; x_wconf 77' lang='lat' dir='ltr'>tium</span> <span class='ocrx_word' id='word_1_36' title='bbox 297 874 400 948; x_wconf 89' lang='lat' dir='ltr'>illum</span> <span class='ocrx_word' id='word_1_37' title='bbox 416 872 623 949; x_wconf 88' lang='lat' dir='ltr'>Senatorem</span> <span class='ocrx_word' id='word_1_38' title='bbox 645 873 821 968; x_wconf 76' lang='lat' dir='ltr'>appellate</span> <span class='ocrx_word' id='word_1_39' title='bbox 845 867 921 943; x_wconf 83' lang='lat' dir='ltr'>fieri</span> <span class='ocrx_word' id='word_1_40' title='bbox 933 868 1033 943; x_wconf 86' lang='lat' dir='ltr'>enim</span> <span class='ocrx_word' id='word_1_41' title='bbox 1051 882 1156 964; x_wconf 72' lang='lat' dir='ltr'>pem·</span> 
     </span>
     <span class='ocr_line' id='line_1_7' title="bbox 159 977 1155 1079; baseline -0.002 -22"><span class='ocrx_word' id='word_1_42' title='bbox 159 1001 266 1073; x_wconf 68' lang='lat' dir='ltr'>tat,</span> <span class='ocrx_word' id='word_1_43' title='bbox 290 1001 334 1056; x_wconf 87' lang='lat' dir='ltr'>ut</span> <span class='ocrx_word' id='word_1_44' title='bbox 359 1010 406 1059; x_wconf 86' lang='lat' dir='ltr'>ex</span> <span class='ocrx_word' id='word_1_45' title='bbox 432 984 560 1059; x_wconf 84' lang='lat' dir='ltr'>eadem</span> <span class='ocrx_word' id='word_1_46' title='bbox 582 981 716 1056; x_wconf 83' lang='lat' dir='ltr'>familia</span> <span class='ocrx_word' id='word_1_47' title='bbox 739 981 935 1059; x_wconf 75' lang='lat' dir='ltr'>aliuseset</span> <span class='ocrx_word' id='word_1_48' title='bbox 960 977 1155 1079; x_wconf 74' lang='lat' dir='ltr'>equestris,</span> 
     </span>
     <span class='ocr_line' id='line_1_8' title="bbox 165 1088 1016 1188; baseline -0.007 -25"><span class='ocrx_word' id='word_1_49' title='bbox 165 1088 376 1165; x_wconf 75' lang='lat' dir='ltr'>autetiam</span> <span class='ocrx_word' id='word_1_50' title='bbox 398 1092 533 1188; x_wconf 88' lang='lat' dir='ltr'>plebeii</span> <span class='ocrx_word' id='word_1_51' title='bbox 553 1090 714 1180; x_wconf 86' lang='lat' dir='ltr'>ordinis,</span> <span class='ocrx_word' id='word_1_52' title='bbox 727 1091 817 1167; x_wconf 82' lang='lat' dir='ltr'>alius</span> <span class='ocrx_word' id='word_1_53' title='bbox 839 1088 1016 1171; x_wconf 79' lang='lat' dir='ltr'>senatorii.</span> 
     </span>
    </p>

    <p class='ocr_par' dir='ltr' id='par_1_3' title="bbox 179 1197 1250 3826">
     <span class='ocr_line' id='line_1_9' title="bbox 237 1197 1153 1306; baseline -0.001 -30"><span class='ocrx_word' id='word_1_54' title='bbox 237 1200 357 1306; x_wconf 84' lang='lat' dir='ltr'>Quod</span> <span class='ocrx_word' id='word_1_55' title='bbox 369 1203 409 1275; x_wconf 76' lang='lat' dir='ltr'>si</span> <span class='ocrx_word' id='word_1_56' title='bbox 433 1202 494 1276; x_wconf 87' lang='lat' dir='ltr'>cui</span> <span class='ocrx_word' id='word_1_57' title='bbox 516 1203 652 1276; x_wconf 87' lang='lat' dir='ltr'>mirum</span> <span class='ocrx_word' id='word_1_58' title='bbox 671 1201 857 1290; x_wconf 80' lang='lat' dir='ltr'>videatur,</span> <span class='ocrx_word' id='word_1_59' title='bbox 876 1199 1080 1277; x_wconf 71' lang='lat' dir='ltr'>consideret</span> <span class='ocrx_word' id='word_1_60' title='bbox 1099 1197 1153 1275; x_wconf 87' lang='grc' dir='ltr'>Μ.</span> 
     </span>
     <span class='ocr_line' id='line_1_10' title="bbox 179 1305 1156 1418; baseline 0.002 -37"><span class='ocrx_word' id='word_1_61' title='bbox 179 1305 353 1385; x_wconf 86' lang='lat' dir='ltr'>Tullium</span> <span class='ocrx_word' id='word_1_62' title='bbox 368 1311 599 1401; x_wconf 83' lang='lat' dir='ltr'>Ciceronem,</span> <span class='ocrx_word' id='word_1_63' title='bbox 614 1329 650 1387; x_wconf 90' lang='lat' dir='ltr'>et</span> <span class='ocrx_word' id='word_1_64' title='bbox 663 1314 711 1418; x_wconf 81' lang='lat' dir='ltr'>Q.</span> <span class='ocrx_word' id='word_1_65' title='bbox 725 1312 893 1388; x_wconf 87' lang='lat' dir='ltr'>Tullium</span> <span class='ocrx_word' id='word_1_66' title='bbox 904 1310 980 1385; x_wconf 88' lang='lat' dir='ltr'>eius</span> <span class='ocrx_word' id='word_1_67' title='bbox 988 1309 1156 1400; x_wconf 69' lang='lat' dir='ltr'>stenem,</span> 
     </span>
     <span class='ocr_line' id='line_1_11' title="bbox 187 1418 1157 1522; baseline -0.001 -29"><span class='ocrx_word' id='word_1_68' title='bbox 187 1421 345 1514; x_wconf 78' lang='lat' dir='ltr'>equestri</span> <span class='ocrx_word' id='word_1_69' title='bbox 356 1422 440 1497; x_wconf 90' lang='lat' dir='ltr'>loco</span> <span class='ocrx_word' id='word_1_70' title='bbox 452 1446 524 1495; x_wconf 85' lang='lat' dir='ltr'>etse</span> <span class='ocrx_word' id='word_1_71' title='bbox 538 1438 648 1496; x_wconf 90' lang='lat' dir='ltr'>natos.</span> <span class='ocrx_word' id='word_1_72' title='bbox 661 1423 775 1522; x_wconf 84' lang='lat' dir='ltr'>Finge</span> <span class='ocrx_word' id='word_1_73' title='bbox 786 1421 915 1521; x_wconf 87' lang='lat' dir='ltr'>igitur,</span> <span class='ocrx_word' id='word_1_74' title='bbox 929 1442 975 1493; x_wconf 84' lang='lat' dir='ltr'>ex</span> <span class='ocrx_word' id='word_1_75' title='bbox 990 1419 1045 1492; x_wconf 86' lang='lat' dir='ltr'>his</span> <span class='ocrx_word' id='word_1_76' title='bbox 1059 1418 1157 1505; x_wconf 81' lang='lat' dir='ltr'>duo·</span> 
     </span>
     <span class='ocr_line' id='line_1_12' title="bbox 187 1527 1222 1626; baseline 0.005 -25"><span class='ocrx_word' id='word_1_77' title='bbox 187 1527 257 1601; x_wconf 87' lang='lat' dir='ltr'>bus</span> <span class='ocrx_word' id='word_1_78' title='bbox 267 1528 434 1623; x_wconf 83' lang='lat' dir='ltr'>fratribus</span> <span class='ocrx_word' id='word_1_79' title='bbox 451 1532 603 1607; x_wconf 78' lang='lat' dir='ltr'>alterum</span> <span class='ocrx_word' id='word_1_80' title='bbox 623 1530 719 1606; x_wconf 89' lang='lat' dir='ltr'>sead</span> <span class='ocrx_word' id='word_1_81' title='bbox 737 1531 892 1613; x_wconf 81' lang='lat' dir='ltr'>honores</span> <span class='ocrx_word' id='word_1_82' title='bbox 903 1527 1099 1626; x_wconf 85' lang='lat' dir='ltr'>petendos,</span> <span class='ocrx_word' id='word_1_83' title='bbox 1116 1542 1156 1605; x_wconf 83' lang='lat' dir='ltr'>et</span> <span class='ocrx_word' id='word_1_84' title='bbox 1219 1620 1222 1625; x_wconf 20' lang='lat'>¹</span> 
     </span>
     <span class='ocr_line' id='line_1_13' title="bbox 187 1641 1155 1741; baseline 0.002 -26"><span class='ocrx_word' id='word_1_85' title='bbox 187 1641 448 1735; x_wconf 82' lang='lat' dir='ltr'>rempublicam</span> <span class='ocrx_word' id='word_1_86' title='bbox 463 1641 658 1741; x_wconf 89' lang='lat' dir='ltr'>gerendam</span> <span class='ocrx_word' id='word_1_87' title='bbox 672 1641 865 1717; x_wconf 87' lang='lat' dir='ltr'>contulisse</span> <span class='ocrx_word' id='word_1_88' title='bbox 871 1667 882 1728; x_wconf 78' lang='lat'>3</span> <span class='ocrx_word' id='word_1_89' title='bbox 903 1642 1058 1715; x_wconf 88' lang='lat' dir='ltr'>alterum</span> <span class='ocrx_word' id='word_1_90' title='bbox 1071 1641 1155 1717; x_wconf 82' lang='lat' dir='ltr'>luce</span> 
     </span>
     <span class='ocr_line' id='line_1_14' title="bbox 185 1750 1157 1852; baseline 0.001 -31"><span class='ocrx_word' id='word_1_91' title='bbox 185 1750 354 1845; x_wconf 87' lang='lat' dir='ltr'>populari</span> <span class='ocrx_word' id='word_1_92' title='bbox 364 1775 502 1840; x_wconf 81' lang='lat' dir='ltr'>carere,</span> <span class='ocrx_word' id='word_1_93' title='bbox 516 1752 824 1852; x_wconf 23' lang='lat' dir='ltr'>suumlnegotium</span> <span class='ocrx_word' id='word_1_94' title='bbox 838 1775 960 1851; x_wconf 79' lang='lat' dir='ltr'>agere,</span> <span class='ocrx_word' id='word_1_95' title='bbox 977 1751 1070 1825; x_wconf 87' lang='lat' dir='ltr'>intra</span> <span class='ocrx_word' id='word_1_96' title='bbox 1082 1750 1157 1845; x_wconf 89' lang='lat' dir='ltr'>pel·</span> 
     </span>
     <span class='ocr_line' id='line_1_15' title="bbox 186 1861 1157 1960; baseline 0.005 -30"><span class='ocrx_word' id='word_1_97' title='bbox 186 1861 331 1935; x_wconf 90' lang='lat' dir='ltr'>liculam</span> <span class='ocrx_word' id='word_1_98' title='bbox 344 1886 381 1937; x_wconf 89' lang='lat' dir='ltr'>se</span> <span class='ocrx_word' id='word_1_99' title='bbox 393 1861 580 1937; x_wconf 87' lang='lat' dir='ltr'>continere</span> <span class='ocrx_word' id='word_1_100' title='bbox 591 1862 767 1951; x_wconf 87' lang='lat' dir='ltr'>voluisse,</span> <span class='ocrx_word' id='word_1_101' title='bbox 783 1861 907 1960; x_wconf 89' lang='lat' dir='ltr'>(quod</span> <span class='ocrx_word' id='word_1_102' title='bbox 920 1876 1043 1935; x_wconf 87' lang='lat' dir='ltr'>tamen</span> <span class='ocrx_word' id='word_1_103' title='bbox 1057 1881 1157 1935; x_wconf 78' lang='lat' dir='ltr'>secus</span> 
     </span>
     <span class='ocr_line' id='line_1_16' title="bbox 186 1962 1155 2072; baseline 0.007 -36"><span class='ocrx_word' id='word_1_104' title='bbox 186 1965 322 2043; x_wconf 82' lang='lat' dir='ltr'>factum</span> <span class='ocrx_word' id='word_1_105' title='bbox 335 1968 433 2070; x_wconf 67' lang='grc' dir='ltr'>θεῖς)</span> <span class='ocrx_word' id='word_1_106' title='bbox 444 1971 507 2043; x_wconf 82' lang='lat' dir='ltr'>sed</span> <span class='ocrx_word' id='word_1_107' title='bbox 519 1972 614 2072; x_wconf 86' lang='lat' dir='ltr'>finge</span> <span class='ocrx_word' id='word_1_108' title='bbox 629 1972 679 2044; x_wconf 88' lang='lat' dir='ltr'>ita</span> <span class='ocrx_word' id='word_1_109' title='bbox 687 1973 865 2061; x_wconf 86' lang='lat' dir='ltr'>evenisse,</span> <span class='ocrx_word' id='word_1_110' title='bbox 883 1973 1015 2068; x_wconf 87' lang='lat' dir='ltr'>procul</span> <span class='ocrx_word' id='word_1_111' title='bbox 1038 1962 1155 2043; x_wconf 82' lang='lat' dir='ltr'>dubio</span> 
     </span>
     <span class='ocr_line' id='line_1_17' title="bbox 185 2074 1156 2175; baseline 0.009 -31"><span class='ocrx_word' id='word_1_112' title='bbox 185 2074 237 2163; x_wconf 80' lang='lat' dir='ltr'>is,</span> <span class='ocrx_word' id='word_1_113' title='bbox 259 2079 325 2171; x_wconf 90' lang='lat' dir='ltr'>qui</span> <span class='ocrx_word' id='word_1_114' title='bbox 349 2078 570 2152; x_wconf 70' lang='lat' dir='ltr'>aedilitatem</span> <span class='ocrx_word' id='word_1_115' title='bbox 598 2080 794 2170; x_wconf 86' lang='lat' dir='ltr'>maiorem,</span> <span class='ocrx_word' id='word_1_116' title='bbox 816 2096 1041 2175; x_wconf 86' lang='lat' dir='ltr'>praeturam,</span> <span class='ocrx_word' id='word_1_117' title='bbox 1068 2097 1156 2153; x_wconf 85' lang='lat' dir='ltr'>eon·</span> 
     </span>
     <span class='ocr_line' id='line_1_18' title="bbox 183 2189 1157 2286; baseline 0.003 -28"><span class='ocrx_word' id='word_1_118' title='bbox 183 2189 341 2263; x_wconf 86' lang='lat' dir='ltr'>sulatum</span> <span class='ocrx_word' id='word_1_119' title='bbox 361 2189 515 2286; x_wconf 82' lang='lat' dir='ltr'>adeptus</span> <span class='ocrx_word' id='word_1_120' title='bbox 535 2209 643 2282; x_wconf 86' lang='lat' dir='ltr'>esset,</span> <span class='ocrx_word' id='word_1_121' title='bbox 661 2209 704 2264; x_wconf 89' lang='lat' dir='ltr'>ut</span> <span class='ocrx_word' id='word_1_122' title='bbox 723 2193 883 2282; x_wconf 83' lang='lat' dir='ltr'>Marcus,</span> <span class='ocrx_word' id='word_1_123' title='bbox 901 2189 1077 2264; x_wconf 85' lang='lat' dir='ltr'>Senatorii</span> <span class='ocrx_word' id='word_1_124' title='bbox 1095 2209 1157 2261; x_wconf 85' lang='lat' dir='ltr'>ot·</span> 
     </span>
     <span class='ocr_line' id='line_1_19' title="bbox 184 2297 1159 2397; baseline -0.002 -26"><span class='ocrx_word' id='word_1_125' title='bbox 184 2298 281 2373; x_wconf 87' lang='lat' dir='ltr'>dinis</span> <span class='ocrx_word' id='word_1_126' title='bbox 296 2298 412 2373; x_wconf 78' lang='lat' dir='ltr'>iactus</span> <span class='ocrx_word' id='word_1_127' title='bbox 435 2316 542 2374; x_wconf 78' lang='lat' dir='ltr'>essets</span> <span class='ocrx_word' id='word_1_128' title='bbox 560 2299 631 2372; x_wconf 85' lang='lat' dir='ltr'>ille</span> <span class='ocrx_word' id='word_1_129' title='bbox 652 2302 763 2390; x_wconf 82' lang='lat' dir='ltr'>alter,</span> <span class='ocrx_word' id='word_1_130' title='bbox 784 2300 850 2394; x_wconf 89' lang='lat' dir='ltr'>qui</span> <span class='ocrx_word' id='word_1_131' title='bbox 873 2301 1020 2373; x_wconf 89' lang='lat' dir='ltr'>nullum</span> <span class='ocrx_word' id='word_1_132' title='bbox 1042 2297 1159 2397; x_wconf 84' lang='lat' dir='ltr'>magi·</span> 
     </span>
     <span class='ocr_line' id='line_1_20' title="bbox 182 2407 1163 2525; baseline 0.003 -45"><span class='ocrx_word' id='word_1_133' title='bbox 182 2427 335 2483; x_wconf 80' lang='lat' dir='ltr'>attatum</span> <span class='ocrx_word' id='word_1_134' title='bbox 359 2407 540 2508; x_wconf 76' lang='lat' dir='ltr'>gessisset,</span> <span class='ocrx_word' id='word_1_135' title='bbox 569 2408 607 2480; x_wconf 90' lang='lat' dir='ltr'>in</span> <span class='ocrx_word' id='word_1_136' title='bbox 630 2408 787 2502; x_wconf 85' lang='lat' dir='ltr'>equestri</span> <span class='ocrx_word' id='word_1_137' title='bbox 811 2408 941 2483; x_wconf 81' lang='lat' dir='ltr'>ordine</span> <span class='ocrx_word' id='word_1_138' title='bbox 966 2408 1163 2525; x_wconf 65' lang='lat' dir='ltr'>mansisgetae</span> 
     </span>
     <span class='ocr_line' id='line_1_21' title="bbox 181 2519 1158 2613; baseline -0.005 -17"><span class='ocrx_word' id='word_1_139' title='bbox 181 2521 269 2596; x_wconf 87' lang='lat' dir='ltr'>Hoc</span> <span class='ocrx_word' id='word_1_140' title='bbox 281 2521 379 2594; x_wconf 90' lang='lat' dir='ltr'>idem</span> <span class='ocrx_word' id='word_1_141' title='bbox 394 2520 442 2594; x_wconf 91' lang='lat' dir='ltr'>de</span> <span class='ocrx_word' id='word_1_142' title='bbox 455 2535 579 2596; x_wconf 83' lang='lat' dir='ltr'>nostro</span> <span class='ocrx_word' id='word_1_143' title='bbox 591 2519 680 2592; x_wconf 88' lang='lat' dir='ltr'>Tito</span> <span class='ocrx_word' id='word_1_144' title='bbox 692 2519 810 2595; x_wconf 80' lang='lat' dir='ltr'>dicere</span> <span class='ocrx_word' id='word_1_145' title='bbox 820 2521 924 2609; x_wconf 88' lang='lat' dir='ltr'>licet,</span> <span class='ocrx_word' id='word_1_146' title='bbox 940 2543 1026 2593; x_wconf 87' lang='lat' dir='ltr'>eum</span> <span class='ocrx_word' id='word_1_147' title='bbox 1042 2543 1158 2613; x_wconf 87' lang='lat' dir='ltr'>sque·</span> 
     </span>
     <span class='ocr_line' id='line_1_22' title="bbox 180 2627 1159 2724; baseline -0.002 -21"><span class='ocrx_word' id='word_1_148' title='bbox 180 2630 245 2703; x_wconf 84' lang='lat' dir='ltr'>stri</span> <span class='ocrx_word' id='word_1_149' title='bbox 270 2629 397 2703; x_wconf 87' lang='lat' dir='ltr'>ordine</span> <span class='ocrx_word' id='word_1_150' title='bbox 421 2644 639 2705; x_wconf 85' lang='lat' dir='ltr'>contentum</span> <span class='ocrx_word' id='word_1_151' title='bbox 658 2627 785 2719; x_wconf 70' lang='lat' dir='ltr'>fuum,</span> <span class='ocrx_word' id='word_1_152' title='bbox 804 2652 891 2705; x_wconf 84' lang='lat' dir='ltr'>cum</span> <span class='ocrx_word' id='word_1_153' title='bbox 911 2630 987 2703; x_wconf 89' lang='lat' dir='ltr'>eius</span> <span class='ocrx_word' id='word_1_154' title='bbox 1005 2628 1159 2724; x_wconf 81' lang='lat' dir='ltr'>propin·</span> 
     </span>
     <span class='ocr_line' id='line_1_23' title="bbox 180 2735 1157 2838; baseline 0 -25"><span class='ocrx_word' id='word_1_155' title='bbox 180 2741 272 2838; x_wconf 90' lang='lat' dir='ltr'>qui,</span> <span class='ocrx_word' id='word_1_156' title='bbox 291 2742 398 2836; x_wconf 90' lang='lat' dir='ltr'>quod</span> <span class='ocrx_word' id='word_1_157' title='bbox 413 2765 450 2812; x_wconf 90' lang='lat' dir='ltr'>se</span> <span class='ocrx_word' id='word_1_158' title='bbox 464 2735 512 2813; x_wconf 85' lang='lat' dir='ltr'>ad</span> <span class='ocrx_word' id='word_1_159' title='bbox 529 2737 795 2835; x_wconf 76' lang='lat' dir='ltr'>rempublicam</span> <span class='ocrx_word' id='word_1_160' title='bbox 808 2740 1157 2829; x_wconf 82' lang='lat' dir='ltr'>administrandam,</span> 
     </span>
     <span class='ocr_line' id='line_1_24' title="bbox 182 2847 1157 2950; baseline -0.005 -24"><span class='ocrx_word' id='word_1_161' title='bbox 182 2852 281 2926; x_wconf 90' lang='lat' dir='ltr'>etad</span> <span class='ocrx_word' id='word_1_162' title='bbox 295 2853 515 2950; x_wconf 85' lang='lat' dir='ltr'>magistratus</span> <span class='ocrx_word' id='word_1_163' title='bbox 535 2849 713 2948; x_wconf 87' lang='lat' dir='ltr'>gerendos</span> <span class='ocrx_word' id='word_1_164' title='bbox 725 2853 977 2938; x_wconf 83' lang='lat' dir='ltr'>contulerant,</span> <span class='ocrx_word' id='word_1_165' title='bbox 1003 2847 1157 2923; x_wconf 84' lang='lat' dir='ltr'>Senato-</span> 
     </span>
     <span class='ocr_line' id='line_1_25' title="bbox 180 2957 1158 3066; baseline -0.007 -30"><span class='ocrx_word' id='word_1_166' title='bbox 180 2988 240 3036; x_wconf 87' lang='lat' dir='ltr'>res</span> <span class='ocrx_word' id='word_1_167' title='bbox 256 2961 339 3034; x_wconf 82' lang='lat' dir='ltr'>facti</span> <span class='ocrx_word' id='word_1_168' title='bbox 361 2977 486 3035; x_wconf 81' lang='lat' dir='ltr'>essent</span> <span class='ocrx_word' id='word_1_169' title='bbox 507 2962 596 3066; x_wconf 78' lang='lat' dir='ltr'>Quo</span> <span class='ocrx_word' id='word_1_170' title='bbox 618 2960 738 3052; x_wconf 84' lang='lat' dir='ltr'>posito</span> <span class='ocrx_word' id='word_1_171' title='bbox 757 2973 794 3031; x_wconf 90' lang='lat' dir='ltr'>et</span> <span class='ocrx_word' id='word_1_172' title='bbox 817 2981 1012 3058; x_wconf 86' lang='lat' dir='ltr'>concesso,</span> <span class='ocrx_word' id='word_1_173' title='bbox 1032 2957 1158 3029; x_wconf 89' lang='lat' dir='ltr'>licebit</span> 
     </span>
     <span class='ocr_line' id='line_1_26' title="bbox 181 3065 1250 3160; baseline -0.007 -15"><span class='ocrx_word' id='word_1_174' title='bbox 181 3097 272 3145; x_wconf 91' lang='lat' dir='ltr'>eum</span> <span class='ocrx_word' id='word_1_175' title='bbox 293 3070 421 3143; x_wconf 82' lang='lat' dir='ltr'>referre</span> <span class='ocrx_word' id='word_1_176' title='bbox 442 3070 481 3144; x_wconf 91' lang='lat' dir='ltr'>in</span> <span class='ocrx_word' id='word_1_177' title='bbox 510 3067 681 3141; x_wconf 83' lang='lat' dir='ltr'>familiam</span> <span class='ocrx_word' id='word_1_178' title='bbox 704 3084 768 3138; x_wconf 90' lang='lat' dir='ltr'>aut</span> <span class='ocrx_word' id='word_1_179' title='bbox 792 3065 1070 3160; x_wconf 77' lang='lat' dir='ltr'>vespillonum,</span> <span class='ocrx_word' id='word_1_180' title='bbox 1093 3082 1156 3139; x_wconf 89' lang='lat' dir='ltr'>aut</span> <span class='ocrx_word' id='word_1_181' title='bbox 1246 3095 1250 3103; x_wconf 91' lang='lat'><strong>·</strong></span> 
     </span>
     <span class='ocr_line' id='line_1_27' title="bbox 182 3173 1154 3274; baseline -0.002 -20"><span class='ocrx_word' id='word_1_182' title='bbox 182 3179 408 3270; x_wconf 81' lang='lat' dir='ltr'>Ofellarum,</span> <span class='ocrx_word' id='word_1_183' title='bbox 423 3197 465 3251; x_wconf 92' lang='lat' dir='ltr'>ut</span> <span class='ocrx_word' id='word_1_184' title='bbox 478 3195 617 3274; x_wconf 86' lang='lat' dir='ltr'>praeter</span> <span class='ocrx_word' id='word_1_185' title='bbox 624 3198 845 3271; x_wconf 86' lang='lat' dir='ltr'>praenomen</span> <span class='ocrx_word' id='word_1_186' title='bbox 858 3173 955 3264; x_wconf 85' lang='lat' dir='ltr'>Titi,</span> <span class='ocrx_word' id='word_1_187' title='bbox 969 3190 1006 3247; x_wconf 90' lang='lat' dir='ltr'>et</span> <span class='ocrx_word' id='word_1_188' title='bbox 1015 3199 1154 3251; x_wconf 88' lang='lat' dir='ltr'>nomen</span> 
     </span>
     <span class='ocr_line' id='line_1_28' title="bbox 183 3282 1155 3386; baseline -0.002 -24"><span class='ocrx_word' id='word_1_189' title='bbox 183 3289 366 3379; x_wconf 87' lang='lat' dir='ltr'>Lucretii,</span> <span class='ocrx_word' id='word_1_190' title='bbox 388 3305 424 3361; x_wconf 88' lang='lat' dir='ltr'>et</span> <span class='ocrx_word' id='word_1_191' title='bbox 439 3308 644 3386; x_wconf 84' lang='lat' dir='ltr'>cognomen</span> <span class='ocrx_word' id='word_1_192' title='bbox 664 3285 767 3373; x_wconf 86' lang='lat' dir='ltr'>Cari,</span> <span class='ocrx_word' id='word_1_193' title='bbox 794 3285 853 3356; x_wconf 86' lang='lat' dir='ltr'>vel</span> <span class='ocrx_word' id='word_1_194' title='bbox 877 3282 926 3357; x_wconf 85' lang='lat' dir='ltr'>sic</span> <span class='ocrx_word' id='word_1_195' title='bbox 950 3288 1155 3380; x_wconf 86' lang='lat' dir='ltr'>appelletur</span> 
     </span>
     <span class='ocr_line' id='line_1_29' title="bbox 179 3395 1156 3494; baseline -0.001 -24"><span class='ocrx_word' id='word_1_196' title='bbox 179 3399 229 3470; x_wconf 89' lang='lat' dir='ltr'>T.</span> <span class='ocrx_word' id='word_1_197' title='bbox 250 3399 436 3481; x_wconf 86' lang='lat' dir='ltr'>Lucretius</span> <span class='ocrx_word' id='word_1_198' title='bbox 460 3396 619 3494; x_wconf 81' lang='lat' dir='ltr'>Vespillo</span> <span class='ocrx_word' id='word_1_199' title='bbox 636 3395 761 3482; x_wconf 80' lang='lat' dir='ltr'>Carus3</span> <span class='ocrx_word' id='word_1_200' title='bbox 786 3396 845 3468; x_wconf 85' lang='lat' dir='ltr'>vel</span> <span class='ocrx_word' id='word_1_201' title='bbox 867 3395 934 3485; x_wconf 86' lang='lat' dir='ltr'>sic,</span> <span class='ocrx_word' id='word_1_202' title='bbox 957 3395 1001 3467; x_wconf 87' lang='grc' dir='ltr'>Τ.</span> <span class='ocrx_word' id='word_1_203' title='bbox 1021 3395 1156 3471; x_wconf 83' lang='lat' dir='ltr'>Lucte-</span> 
     </span>
     <span class='ocr_line' id='line_1_30' title="bbox 182 3507 1156 3605; baseline -0.001 -23"><span class='ocrx_word' id='word_1_204' title='bbox 182 3510 258 3582; x_wconf 87' lang='lat' dir='ltr'>tius</span> <span class='ocrx_word' id='word_1_205' title='bbox 281 3510 400 3583; x_wconf 80' lang='lat' dir='ltr'>Ofella</span> <span class='ocrx_word' id='word_1_206' title='bbox 428 3511 545 3582; x_wconf 86' lang='lat' dir='ltr'>Carus.</span> <span class='ocrx_word' id='word_1_207' title='bbox 570 3508 627 3582; x_wconf 90' lang='lat' dir='ltr'>De</span> <span class='ocrx_word' id='word_1_208' title='bbox 653 3507 799 3580; x_wconf 89' lang='lat' dir='ltr'>duobus</span> <span class='ocrx_word' id='word_1_209' title='bbox 827 3507 1076 3605; x_wconf 85' lang='lat' dir='ltr'>cognomentis</span> <span class='ocrx_word' id='word_1_210' title='bbox 1094 3533 1156 3581; x_wconf 88' lang='lat' dir='ltr'>au·</span> 
     </span>
     <span class='ocr_line' id='line_1_31' title="bbox 184 3617 1155 3723; baseline -0.002 -30"><span class='ocrx_word' id='word_1_211' title='bbox 184 3638 264 3693; x_wconf 88' lang='lat' dir='ltr'>tem</span> <span class='ocrx_word' id='word_1_212' title='bbox 294 3619 452 3693; x_wconf 86' lang='lat' dir='ltr'>dubitari</span> <span class='ocrx_word' id='word_1_213' title='bbox 480 3644 558 3693; x_wconf 92' lang='lat' dir='ltr'>non</span> <span class='ocrx_word' id='word_1_214' title='bbox 584 3619 706 3723; x_wconf 73' lang='lat' dir='ltr'>delier.</span> <span class='ocrx_word' id='word_1_215' title='bbox 737 3618 890 3691; x_wconf 91' lang='lat' dir='ltr'>Nullum</span> <span class='ocrx_word' id='word_1_216' title='bbox 918 3617 1016 3691; x_wconf 90' lang='lat' dir='ltr'>enim</span> <span class='ocrx_word' id='word_1_217' title='bbox 1042 3618 1155 3691; x_wconf 86' lang='lat' dir='ltr'>dubi·</span> 
     </span>
     <span class='ocr_line' id='line_1_32' title="bbox 180 3724 1152 3826; baseline -0.005 -23"><span class='ocrx_word' id='word_1_218' title='bbox 180 3729 289 3804; x_wconf 87' lang='lat' dir='ltr'>tandi</span> <span class='ocrx_word' id='word_1_219' title='bbox 315 3730 439 3805; x_wconf 90' lang='lat' dir='ltr'>locum</span> <span class='ocrx_word' id='word_1_220' title='bbox 469 3729 681 3826; x_wconf 87' lang='lat' dir='ltr'>relinquunt</span> <span class='ocrx_word' id='word_1_221' title='bbox 705 3728 743 3802; x_wconf 89' lang='lat' dir='ltr'>P.</span> <span class='ocrx_word' id='word_1_222' title='bbox 771 3728 949 3802; x_wconf 86' lang='lat' dir='ltr'>Lentulus</span> <span class='ocrx_word' id='word_1_223' title='bbox 979 3724 1091 3820; x_wconf 83' lang='lat' dir='ltr'>Sura,</span> <span class='ocrx_word' id='word_1_224' title='bbox 1112 3726 1152 3799; x_wconf 90' lang='lat' dir='ltr'>P.</span> 
     </span>
    </p>
   </div>
   <div class='ocr_carea' id='block_1_3' title="bbox 0 0 1280 4726">
    <p class='ocr_par' dir='ltr' id='par_1_4' title="bbox 0 0 1280 4726">
     <span class='ocr_line' id='line_1_33' title="bbox 0 0 1280 4726; baseline 0 3"><span class='ocrx_word' id='word_1_225' title='bbox 0 0 1280 4726; x_wconf 95' lang='lat' dir='ltr'> </span> 
     </span>
    </p>
   </div>
  </div>
 </body>
</html>
