2550 4726
678 130 688 165 Ὶ

154 361 195 432 94
354 345 421 407 nn
450 338 643 406 aarum
672 320 895 406 aaroni
948 360 983 405 v.
1006 313 1078 408 in.

31 510 40 555 5
153 489 217 553 Sed
227 505 288 572 per
300 505 359 550 eos
370 484 519 549 animum
532 480 707 547 utforibus
715 491 863 565 spectare
872 479 1031 564 reclusis,
1078 476 1084 484 ⁴

96 576 100 582 ¹
152 587 294 659 Difficile
305 598 372 673 est,
389 596 503 652 eontra
513 607 615 668 quom
632 604 746 650 sensus
762 588 862 650 ducat
875 606 1010 664 eorum3

153 700 272 763 seusus
287 696 378 761 enim
388 692 506 776 trahit,
523 700 623 775 atque
636 692 723 757 acies
738 694 938 759 detruditad
949 694 1060 778 ipsas:
1081 718 1086 730 ¹

153 800 292 890 Fulgida
307 796 499 884 praesertim
511 817 613 878 quom
622 818 757 862 eernere
768 819 866 882 saepe
882 800 1086 887 nequimus,-

153 906 296 970 Lumina
315 901 496 969 luminibus
510 902 590 984 quia
604 901 701 967 nobis
714 902 996 988 praepediuntur3

153 1013 253 1097 Quod
261 1009 387 1073 foribus
398 1028 468 1072 non
478 1005 534 1071 fit:
547 1006 772 1090 nequeenim,
782 1004 1111 1097 quaeernimusipflf'

155 1116 247 1181 Ostia
260 1114 441 1199 suscipiunt
455 1115 563 1177 ullum
574 1115 702 1178 reclusa
717 1116 878 1179 laborem.

153 1228 341 1305 Praeterea,
353 1221 382 1286 si
394 1240 456 1305 pro
467 1219 594 1284 foribus
603 1232 679 1285 sunt
688 1221 816 1285 lumina
828 1232 958 1307 nostra,

63 1358 79 1384 κ
153 1333 225 1394 Iam
239 1322 362 1416 magis,¹
378 1329 516 1392 exemtis
527 1329 649 1409 oeulis,
665 1330 787 1392 debere
804 1327 938 1394 videtur

155 1441 298 1500 Cernere
309 1455 361 1497 res
376 1433 519 1516 animus,
531 1433 666 1497 sublatis
677 1433 826 1516 postibus
842 1435 935 1518 ipsis.

194 1542 284 1604 Illud
301 1536 337 1602 in
349 1539 402 1602 his
418 1519 516 1600 rebus
525 1555 734 1618 nequaquam
752 1558 882 1601 sumere
894 1537 1019 1623 possis,

155 1643 337 1711 Democriti
352 1645 443 1724 quod
454 1652 568 1706 saneta
578 1640 643 1704 viri
654 1643 816 1732 sententia
831 1643 942 1726 ponit,
1064 1672 1070 1683 ·

154 1749 312 1833 Corporis
324 1757 422 1829 atque
436 1747 541 1810 animi
556 1747 741 1830 primordia
753 1749 902 1838 singula,
919 1746 1030 1834 prir‘u

155 1856 329 1942 Adposita‚
340 1856 473 1922 alternis
485 1856 634 1939 variare,
648 1869 845 1941 renectere,
862 1859 1028 1921 membra.
1075 1892 1078 1897 ·

155 1966 239 2029 Nam
248 1985 350 2045 quom
359 1967 464 2027 multo
472 1973 548 2028 sunt
556 1963 677 2026 animai
690 1965 854 2029 elementa
862 1963 1016 2046 minora,
1055 1982 1060 1995 ·
1099 1990 1107 1999 ·

155 2073 265 2154 Quam
277 2068 397 2151 quibus
406 2077 439 2130 et
448 2087 567 2149 eorpus
575 2067 671 2130 nobis
684 2079 716 2129 et
731 2066 856 2130 viscera
869 2073 1042 2151 constan&
1055 2069 1111 2148 iq

155 2181 242 2242 Turn
254 2196 392 2240 numero
403 2194 535 2257 quoque
543 2177 742 2257 concedunt,
761 2185 1048 2259 etraraperartus

156 2285 276 2350 Dissita
288 2295 377 2364 sunt,
389 2286 559 2346 dumtaxat
568 2293 605 2344 ut
618 2285 681 2345 hoe
695 2282 889 2365 promittere
905 2285 1025 2369 possis,

158 2390 325 2475 Quantula
334 2387 441 2472 prima
454 2397 592 2468 queant,
607 2387 703 2450 uobis
716 2387 848 2470 iniecta,
868 2389 958 2454 ciere

157 2501 304 2579 Corpora
316 2495 488 2559 sensiferos
501 2506 609 2558 motus
621 2492 657 2556 in
674 2513 829 2578 corpore,
845 2504 938 2559 tanta

93 2615 96 2619 ’
157 2602 334 2664 Intervalla
350 2607 461 2661 tenere
472 2589 607 2662 exordia
621 2600 729 2683 prima
745 2602 879 2664 animai.
955 2636 964 2647 -

156 2706 240 2767 Nam
257 2723 364 2783 neque
379 2703 525 2785 pulveris
537 2690 702 2767 interdum
716 2707 875 2786 sentimus
886 2711 1072 2774 adhaesum

158 2813 320 2890 Corpore,
334 2826 396 2869 uec
405 2806 562 2873 memhris
573 2807 737 2873 incussam
755 2812 863 2875 sidere
876 2823 1017 2894 cretam

157 2915 224 2976 Nee
234 2912 391 2976 nebulam
405 2921 521 2997 noctu,
536 2933 644 2996 neque
655 2916 768 2980 aranei
780 2916 891 2981 tenuia
902 2917 961 2982 fila

30 3048 33 3055 -
158 3019 279 3102 obvia,
297 3019 472 3104 sentimus,
488 3023 819 3104 quaudoobretimur
832 3036 966 3105 euntesr

157 3131 225 3192 Nec
239 3147 358 3211 supera
376 3139 473 3212 caput
490 3130 637 3193 eiusdem
659 3130 812 3196 cecidisse
826 3132 950 3196 vietam

157 3234 304 3309 Vestem,
321 3250 382 3292 nec
398 3232 528 3313 plumas
540 3232 669 3315 avium,
688 3254 880 3317 papposque
892 3232 1082 3320 volenteis,

157 3335 226 3422 Qui
240 3333 345 3398 nimia
360 3322 495 3398 leiitate
509 3340 630 3399 eadunt
640 3340 837 3420 plerumque
848 3341 1032 3428 gravatims

157 3442 224 3504 Neo
238 3436 380 3522 repentis
396 3437 479 3501 itum
495 3440 796 3522 quoiusviscunque
815 3443 993 3509 animantis
1105 3468 1108 3473 ·

157 3545 336 3622 Sentimus3
354 3564 415 3607 uec
429 3543 525 3627 priva
532 3547 663 3628 pedum
678 3545 814 3633 vestigia
832 3569 1001 3631 quaeque,

95 3631 103 3646 ’
158 3649 304 3729 Corpore
313 3668 398 3731 quae
407 3647 564 3712 innostro
574 3649 710 3730 culices,
722 3661 753 3712 et
765 3661 888 3727 cetera,
899 3658 1045 3734 ponunt.

158 3754 269 3834 Usque
274 3756 364 3819 adeo
371 3756 466 3841 prius
475 3754 571 3824 estin
584 3755 680 3822 uobis
693 3759 798 3823 multa
813 3755 988 3843 ciendum,
