2550 4726
268 386 473 451 LIBER
513 387 580 455 VI..
620 407 653 450 v.
681 388 752 470 891.
923 404 982 465 242

11 536 121 622 Quod
129 551 236 620 genua
248 533 330 596 indu
343 529 429 594 mari
439 529 563 595 Aradio
574 529 664 613 t'ons,
677 529 784 593 dulcis
796 532 921 618 aquai,⁴

14 641 87 726 Qui
95 637 208 721 scatit,
219 647 253 700 et
261 639 361 723 salsas
372 637 497 700 circum
508 654 543 700 se
556 635 704 698 dimovet
715 637 830 702 undas.

11 746 58 809 Et
68 745 184 809 multis
197 743 272 807 aliis
281 743 416 825 praebet
425 740 617 828 regionibus
632 761 759 822 aequor

12 830 203 914 Utilitatem
213 857 436 931 opportunam
447 846 626 912 sitientihn’
635 849 761 933 nautis,

14 960 122 1044 Quod
132 955 275 1037 dulceis,
285 955 497 1036 intersalsas,
507 953 701 1018 intervomit
710 956 828 1020 undas.

14 1063 74 1128 Sic
86 1062 189 1151 igitur
202 1082 263 1145 per
277 1081 354 1123 eum
365 1070 502 1142 possunt
516 1081 691 1144 erumpere
701 1060 843 1146 fontem,

13 1171 59 1234 Et
71 1180 214 1249 scatere,
225 1168 285 1232 illa
295 1170 383 1232 foras
396 1166 434 1231 in
448 1177 604 1252 stuppam
614 1167 758 1232 semina:
773 1189 858 1251 quae
869 1190 973 1254 quom

16 1272 249 1356 Conveniunt,
260 1282 315 1336 aut
327 1271 365 1335 in
375 1275 462 1336 tedai
478 1266 616 1356 corpore
629 1275 826 1355 adhaerent,

15 1380 206 1442 Ardescunt
215 1377 311 1441 facile
322 1381 503 1465 extemplo,
522 1381 612 1459 quod
626 1379 732 1440 multa·
747 1398 880 1460 quoque
894 1380 930 1444 in
941 1401 978 1447 ac

15 1484 153 1549 Semina
162 1485 287 1548 habent
299 1484 387 1572 ignia
402 1493 541 1568 stuppae
554 1485 713 1564 tedaeque
726 1493 882 1548 tenentes.

58 1588 280 1654 Nonnevides
289 1590 404 1672 etiam,
414 1599 577 1655 nocturna
590 1591 633 1651 ad
644 1588 774 1652 lumina
784 1589 895 1654 linum

14 1699 133 1782 Nuper
141 1697 202 1760 ubi
212 1696 408 1763 exstinctum
420 1697 613 1779 admoveas,
627 1696 801 1761 accendier
816 1705 894 1763 'aute

15 1801 131 1884 Quam
144 1794 251 1884 tetigit
260 1797 445 1877 flammam
459 1799 721 1883 tedamque'pari
731 1799 883 1865 ratione?
1014 1869 1018 1894 Ι

14 1902 191 1982 Multaque
199 1901 488 1983 praeterea,prius
497 1900 570 1984 ipso
583 1912 668 1964 tacta
678 1922 803 1986 vapore
922 1924 984 1991 9⁰4

13 2005 156 2070 Emiuus
164 2007 354 2088 ardescunt,
366 2027 467 2088 quam
478 2007 665 2072 comminus
675 2009 804 2074 imbuat
815 2010 912 2100 ignis.

13 2112 92 2178 Hoc
103 2110 208 2199 igitur
218 2108 292 2176 fleri
303 2133 435 2194 quoque
442 2111 481 2176 in
490 2113 551 2177 itto
562 2114 654 2180 fonte
663 2120 849 2201 putandum
861 2128 919 2183 est.

59 2219 160 2304 Quod
172 2226 332 2301 superest,
349 2237 448 2305 agere
462 2218 638 2304 incipiam,
651 2244 719 2304 quo
732 2224 866 2289 foedere
879 2223 940 2291 fiat

13 2323 177 2408 Naturae,
189 2322 274 2408 lapis
284 2322 339 2388 hic
351 2334 389 2387 ut
403 2324 529 2390 ferrum
548 2328 668 2390 ducere
678 2328 797 2414 possit,

15 2433 128 2517 Quem
140 2434 297 2519 Magneta
309 2441 430 2496 vocant
445 2432 553 2516 patrio
567 2437 609 2496 de
623 2435 760 2500 nomine
776 2436 888 2522 Graii,

14 2537 212 2625 Magnetum
225 2535 304 2619 quia
316 2537 359 2600 sit
368 2535 484 2621 patriis
497 2537 535 2601 in
552 2535 673 2601 finibus
687 2551 787 2606 ortus.

59 2646 159 2715 Hunc
168 2643 321 2709 homines
329 2643 476 2727 lapidem
487 2644 666 2729 mirantur,
679 2649 805 2735 quippe
817 2660 969 2718 catenam

17 2748 128 2830 Saepe.
135 2769 176 2812 ex
184 2747 325 2810 annellia
337 2746 446 2811 reddit
452 2750 677 2831 pendentibus
688 2773 730 2814 ex
738 2774 783 2817 se.

13 2840 175 2935 Quinque
188 2852 309 2915 etenim
321 2852 398 2916 licet
406 2853 590 2935 interdum,
599 2856 806 2943 pluteisque,
820 2858 951 2945 videre,

15 2960 145 3024 Ordine
156 2960 311 3045 demisso,
326 2961 454 3025 levibus
464 2960 616 3025 iactarier
627 2963 735 3048 auris,

12 3060 111 3132 linus
119 3066 181 3131 ubi
190 3088 231 3132 ex
245 3087 315 3130 uno
325 3064 488 3149 dependet
498 3108 507 3146 ,
517 3067 631 3129 subter
644 3068 841 3148 adhaeream

14 3165 69 3235 Ex
78 3172 214 3255 alioque
223 3170 309 3237 aliua
320 3169 442 3256 lapidis
453 3166 522 3232 vim
534 3169 711 3251 vinclaque
720 3173 844 3238 noscit:

13 3266 131 3357 Usque
140 3277 225 3341 adeo
234 3281 468 3358 permananter
478 3271 528 3336 vis
540 3274 689 3354 pervalet
698 3273 780 3339 eiua.

61 3380 132 3442 Hoc
140 3397 246 3466 genua
255 3375 293 3442 in
302 3378 401 3442 rebus
409 3373 612 3439 &mudum
622 3387 670 3441 est
679 3380 785 3443 multa
797 3381 910 3467 priua,

665 3503 767 3564 quam

16 3578 124 3672 lpaiua
136 3587 363 3655 reiectionem
376 3589 513 3652 reddere
526 3587 648 3671 possim

18 3688 63 3760 Et
73 3696 215 3763 nimium
224 3696 334 3785 longis
346 3695 541 3781 ambagibus
552 3705 600 3758 eat
610 3698 817 3761 adeundum:

23 3803 97 3890 Quo
108 3805 216 3895 magia
230 3817 369 3874 attentas
377 3805 487 3871 aureis
495 3805 711 3890 animumque
721 3827 869 3893 reposco·

101 3912 233 3970 ῑυιηεὴι.
679 3913 712 3969 ra
