<?xml version="1.0" encoding="UTF-8"?>
<!DOCTYPE html PUBLIC "-//W3C//DTD XHTML 1.0 Transitional//EN"
    "http://www.w3.org/TR/xhtml1/DTD/xhtml1-transitional.dtd">
<html xmlns="http://www.w3.org/1999/xhtml" xml:lang="en" lang="en">
 <head>
  <title>
</title>
<meta http-equiv="Content-Type" content="text/html;charset=utf-8" />
  <meta name='ocr-system' content='tesseract 3.04.00' />
  <meta name='ocr-capabilities' content='ocr_page ocr_carea ocr_par ocr_line ocrx_word'/>
</head>
<body>
  <div class='ocr_page' id='page_1' title='image "./dererumnaturali00carugoog_0297.png"; bbox 0 0 2550 4726; ppageno 0'>
   <div class='ocr_carea' id='block_1_1' title="bbox 379 398 1110 480">
    <p class='ocr_par' dir='ltr' id='par_1_1' title="bbox 379 398 1110 480">
     <span class='ocr_line' id='line_1_1' title="bbox 379 398 1110 480; baseline -0.001 -16"><span class='ocrx_word' id='word_1_1' title='bbox 379 401 585 465; x_wconf 85' lang='lat' dir='ltr'><strong>LIBER</strong></span> <span class='ocrx_word' id='word_1_2' title='bbox 624 398 695 468; x_wconf 84' lang='lat' dir='ltr'><strong>vl.</strong></span> <span class='ocrx_word' id='word_1_3' title='bbox 734 416 878 480; x_wconf 72' lang='lat' dir='ltr'><strong>uror7.</strong></span> <span class='ocrx_word' id='word_1_4' title='bbox 1051 398 1110 475; x_wconf 71' lang='lat'><strong>245</strong></span> 
     </span>
    </p>
   </div>
   <div class='ocr_carea' id='block_1_2' title="bbox 138 543 1110 3912">
    <p class='ocr_par' dir='ltr' id='par_1_2' title="bbox 145 543 1010 630">
     <span class='ocr_line' id='line_1_2' title="bbox 145 543 1010 630; baseline -0.005 -16"><span class='ocrx_word' id='word_1_5' title='bbox 145 546 404 630; x_wconf 78' lang='lat' dir='ltr'><strong>(tanquelmus,</strong></span> <span class='ocrx_word' id='word_1_6' title='bbox 417 544 489 611; x_wconf 83' lang='lat' dir='ltr'><strong>sive</strong></span> <span class='ocrx_word' id='word_1_7' title='bbox 502 567 542 611; x_wconf 84' lang='lat' dir='ltr'><strong>ex</strong></span> <span class='ocrx_word' id='word_1_8' title='bbox 552 553 757 628; x_wconf 84' lang='lat' dir='ltr'><strong>transvorso,</strong></span> <span class='ocrx_word' id='word_1_9' title='bbox 769 543 839 609; x_wconf 86' lang='lat' dir='ltr'><strong>sive</strong></span> <span class='ocrx_word' id='word_1_10' title='bbox 848 561 1010 629; x_wconf 85' lang='lat' dir='ltr'><strong>superne,</strong></span> 
     </span>
    </p>

    <p class='ocr_par' dir='ltr' id='par_1_3' title="bbox 144 653 958 739">
     <span class='ocr_line' id='line_1_3' title="bbox 144 653 958 739; baseline -0.007 -19"><span class='ocrx_word' id='word_1_11' title='bbox 144 658 294 739; x_wconf 79' lang='lat' dir='ltr'>Corpora</span> <span class='ocrx_word' id='word_1_12' title='bbox 305 653 463 718; x_wconf 87' lang='lat' dir='ltr'><strong>continuo</strong></span> <span class='ocrx_word' id='word_1_13' title='bbox 473 653 511 718; x_wconf 88' lang='lat' dir='ltr'><strong>in</strong></span> <span class='ocrx_word' id='word_1_14' title='bbox 520 674 663 718; x_wconf 81' lang='lat' dir='ltr'><strong>vacuum</strong></span> <span class='ocrx_word' id='word_1_15' title='bbox 673 653 785 717; x_wconf 87' lang='lat' dir='ltr'><strong>vicina</strong></span> <span class='ocrx_word' id='word_1_16' title='bbox 797 654 958 716; x_wconf 86' lang='lat' dir='ltr'><strong>feruntur.</strong></span> 
     </span>
    </p>

    <p class='ocr_par' dir='ltr' id='par_1_4' title="bbox 144 755 1076 850">
     <span class='ocr_line' id='line_1_4' title="bbox 144 755 1076 850; baseline -0.004 -24"><span class='ocrx_word' id='word_1_17' title='bbox 144 762 279 848; x_wconf 79' lang='lat' dir='ltr'><strong>Quippe</strong></span> <span class='ocrx_word' id='word_1_18' title='bbox 292 760 462 848; x_wconf 80' lang='lat' dir='ltr'><strong>agitantur</strong></span> <span class='ocrx_word' id='word_1_19' title='bbox 474 761 565 827; x_wconf 87' lang='lat' dir='ltr'><strong>enim</strong></span> <span class='ocrx_word' id='word_1_20' title='bbox 577 761 685 850; x_wconf 89' lang='lat' dir='ltr'><strong>plagis</strong></span> <span class='ocrx_word' id='word_1_21' title='bbox 697 758 849 842; x_wconf 80' lang='lat' dir='ltr'>aliunde,</span> <span class='ocrx_word' id='word_1_22' title='bbox 864 780 926 823; x_wconf 88' lang='lat' dir='ltr'><strong>nea</strong></span> <span class='ocrx_word' id='word_1_23' title='bbox 941 755 1014 843; x_wconf 80' lang='lat' dir='ltr'><strong>ipsa</strong></span> <span class='ocrx_word' id='word_1_24' title='bbox 1072 768 1076 775; x_wconf 80' lang='grc'><em>’</em></span> 
     </span>
    </p>

    <p class='ocr_par' dir='ltr' id='par_1_5' title="bbox 144 865 1016 1059">
     <span class='ocr_line' id='line_1_5' title="bbox 144 865 1009 955; baseline -0.007 -21"><span class='ocrx_word' id='word_1_25' title='bbox 144 871 269 953; x_wconf 81' lang='lat' dir='ltr'><strong>Sponte</strong></span> <span class='ocrx_word' id='word_1_26' title='bbox 277 890 337 934; x_wconf 91' lang='lat' dir='ltr'><strong>sua</strong></span> <span class='ocrx_word' id='word_1_27' title='bbox 348 889 479 932; x_wconf 87' lang='lat' dir='ltr'><strong>sursum</strong></span> <span class='ocrx_word' id='word_1_28' title='bbox 492 879 628 952; x_wconf 80' lang='lat' dir='ltr'><strong>possunt</strong></span> <span class='ocrx_word' id='word_1_29' title='bbox 641 887 838 955; x_wconf 86' lang='lat' dir='ltr'><strong>consurgere</strong></span> <span class='ocrx_word' id='word_1_30' title='bbox 851 865 889 928; x_wconf 87' lang='lat' dir='ltr'><strong>in</strong></span> <span class='ocrx_word' id='word_1_31' title='bbox 903 884 1009 929; x_wconf 88' lang='lat' dir='ltr'><strong>auras.</strong></span> 
     </span>
     <span class='ocr_line' id='line_1_6' title="bbox 183 970 1016 1059; baseline -0.001 -23"><span class='ocrx_word' id='word_1_32' title='bbox 183 977 261 1038; x_wconf 84' lang='lat' dir='ltr'><strong>Huc</strong></span> <span class='ocrx_word' id='word_1_33' title='bbox 270 972 397 1039; x_wconf 86' lang='lat' dir='ltr'><strong>aceedit</strong></span> <span class='ocrx_word' id='word_1_34' title='bbox 410 973 507 1055; x_wconf 88' lang='lat' dir='ltr'><strong>item,</strong></span> <span class='ocrx_word' id='word_1_35' title='bbox 525 992 627 1055; x_wconf 86' lang='lat' dir='ltr'><strong>quare</strong></span> <span class='ocrx_word' id='word_1_36' title='bbox 644 980 743 1053; x_wconf 82' lang='lat' dir='ltr'><strong>queat</strong></span> <span class='ocrx_word' id='word_1_37' title='bbox 757 972 794 1034; x_wconf 90' lang='lat' dir='ltr'><strong>id</strong></span> <span class='ocrx_word' id='word_1_38' title='bbox 807 970 914 1059; x_wconf 83' lang='lat' dir='ltr'><strong>magis</strong></span> <span class='ocrx_word' id='word_1_39' title='bbox 928 990 1016 1037; x_wconf 85' lang='lat' dir='ltr'><strong>esse:</strong></span> 
     </span>
    </p>

    <p class='ocr_par' dir='ltr' id='par_1_6' title="bbox 145 1075 896 1160">
     <span class='ocr_line' id='line_1_7' title="bbox 145 1075 896 1160; baseline 0.004 -21"><span class='ocrx_word' id='word_1_40' title='bbox 145 1077 246 1160; x_wconf 78' lang='lat' dir='ltr'><strong>Quod</strong></span> <span class='ocrx_word' id='word_1_41' title='bbox 258 1075 389 1140; x_wconf 84' lang='lat' dir='ltr'><strong>simula</strong></span> <span class='ocrx_word' id='word_1_42' title='bbox 405 1077 514 1140; x_wconf 83' lang='lat' dir='ltr'><strong>fronte</strong></span> <span class='ocrx_word' id='word_1_43' title='bbox 524 1086 571 1141; x_wconf 88' lang='lat' dir='ltr'><strong>est</strong></span> <span class='ocrx_word' id='word_1_44' title='bbox 581 1075 708 1140; x_wconf 90' lang='lat' dir='ltr'><strong>annelli</strong></span> <span class='ocrx_word' id='word_1_45' title='bbox 718 1076 826 1140; x_wconf 85' lang='lat' dir='ltr'><strong>rarior</strong></span> <span class='ocrx_word' id='word_1_46' title='bbox 837 1082 896 1142; x_wconf 68' lang='lat' dir='ltr'><strong>aer</strong></span> 
     </span>
    </p>

    <p class='ocr_par' dir='ltr' id='par_1_7' title="bbox 144 1181 956 1270">
     <span class='ocr_line' id='line_1_8' title="bbox 144 1181 956 1270; baseline 0.004 -25"><span class='ocrx_word' id='word_1_47' title='bbox 144 1185 277 1267; x_wconf 86' lang='lat' dir='ltr'><strong>Factus,</strong></span> <span class='ocrx_word' id='word_1_48' title='bbox 291 1182 502 1265; x_wconf 86' lang='lat' dir='ltr'><strong>inanitusque</strong></span> <span class='ocrx_word' id='word_1_49' title='bbox 514 1185 607 1247; x_wconf 89' lang='lat' dir='ltr'><strong>loeus</strong></span> <span class='ocrx_word' id='word_1_50' title='bbox 618 1181 723 1270; x_wconf 88' lang='lat' dir='ltr'><strong>magis</strong></span> <span class='ocrx_word' id='word_1_51' title='bbox 734 1192 956 1262; x_wconf 79' lang='lat' dir='ltr'><strong>aevaeuatus3</strong></span> 
     </span>
    </p>

    <p class='ocr_par' dir='ltr' id='par_1_8' title="bbox 145 1285 957 1371">
     <span class='ocr_line' id='line_1_9' title="bbox 145 1285 957 1371; baseline -0.001 -22"><span class='ocrx_word' id='word_1_52' title='bbox 145 1287 313 1351; x_wconf 84' lang='lat' dir='ltr'><strong>Continuo</strong></span> <span class='ocrx_word' id='word_1_53' title='bbox 326 1285 380 1371; x_wconf 90' lang='lat' dir='ltr'><strong>fit,</strong></span> <span class='ocrx_word' id='word_1_54' title='bbox 393 1286 460 1369; x_wconf 85' lang='lat' dir='ltr'><strong>uti,</strong></span> <span class='ocrx_word' id='word_1_55' title='bbox 473 1285 531 1368; x_wconf 91' lang='lat' dir='ltr'><strong>qui</strong></span> <span class='ocrx_word' id='word_1_56' title='bbox 543 1293 618 1369; x_wconf 88' lang='lat' dir='ltr'><strong>post</strong></span> <span class='ocrx_word' id='word_1_57' title='bbox 627 1294 675 1348; x_wconf 87' lang='lat' dir='ltr'><strong>est</strong></span> <span class='ocrx_word' id='word_1_58' title='bbox 689 1304 821 1365; x_wconf 78' lang='lat' dir='ltr'><strong>cunque</strong></span> <span class='ocrx_word' id='word_1_59' title='bbox 830 1285 957 1348; x_wconf 80' lang='lat' dir='ltr'><strong>locatus</strong></span> 
     </span>
    </p>

    <p class='ocr_par' dir='ltr' id='par_1_9' title="bbox 144 1393 948 1484">
     <span class='ocr_line' id='line_1_10' title="bbox 144 1393 948 1484; baseline -0.004 -27"><span class='ocrx_word' id='word_1_60' title='bbox 144 1396 222 1477; x_wconf 77' lang='lat' dir='ltr'><strong>Ae&#39;r,</strong></span> <span class='ocrx_word' id='word_1_61' title='bbox 238 1403 362 1484; x_wconf 81' lang='lat' dir='ltr'><strong>atergo</strong></span> <span class='ocrx_word' id='word_1_62' title='bbox 379 1395 474 1477; x_wconf 82' lang='lat' dir='ltr'><strong>quasi</strong></span> <span class='ocrx_word' id='word_1_63' title='bbox 483 1395 644 1478; x_wconf 81' lang='lat' dir='ltr'><strong>provehat</strong></span> <span class='ocrx_word' id='word_1_64' title='bbox 656 1401 756 1476; x_wconf 90' lang='lat' dir='ltr'><strong>atque</strong></span> <span class='ocrx_word' id='word_1_65' title='bbox 770 1393 948 1477; x_wconf 89' lang='lat' dir='ltr'><strong>propellat.</strong></span> 
     </span>
    </p>

    <p class='ocr_par' dir='ltr' id='par_1_10' title="bbox 144 1495 967 1580">
     <span class='ocr_line' id='line_1_11' title="bbox 144 1495 967 1580; baseline -0.006 -19"><span class='ocrx_word' id='word_1_66' title='bbox 144 1499 282 1580; x_wconf 82' lang='lat' dir='ltr'><strong>Semper</strong></span> <span class='ocrx_word' id='word_1_67' title='bbox 292 1496 383 1561; x_wconf 85' lang='lat' dir='ltr'><strong>enirn</strong></span> <span class='ocrx_word' id='word_1_68' title='bbox 396 1497 520 1561; x_wconf 68' lang='lat' dir='ltr'><strong>aucum</strong></span> <span class='ocrx_word' id='word_1_69' title='bbox 531 1495 656 1580; x_wconf 89' lang='lat' dir='ltr'><strong>positus</strong></span> <span class='ocrx_word' id='word_1_70' title='bbox 667 1517 719 1559; x_wconf 90' lang='lat' dir='ltr'><strong>res</strong></span> <span class='ocrx_word' id='word_1_71' title='bbox 734 1499 888 1561; x_wconf 85' lang='lat' dir='ltr'><strong>verberat</strong></span> <span class='ocrx_word' id='word_1_72' title='bbox 900 1499 967 1558; x_wconf 66' lang='lat' dir='ltr'><strong>aer.</strong></span> 
     </span>
    </p>

    <p class='ocr_par' dir='ltr' id='par_1_11' title="bbox 144 1601 891 1688">
     <span class='ocr_line' id='line_1_12' title="bbox 144 1601 891 1688; baseline 0 -22"><span class='ocrx_word' id='word_1_73' title='bbox 144 1603 208 1666; x_wconf 80' lang='lat' dir='ltr'><strong>Sed</strong></span> <span class='ocrx_word' id='word_1_74' title='bbox 217 1603 277 1666; x_wconf 81' lang='lat' dir='ltr'><strong>uli</strong></span> <span class='ocrx_word' id='word_1_75' title='bbox 287 1601 325 1665; x_wconf 91' lang='lat' dir='ltr'><strong>fit</strong></span> <span class='ocrx_word' id='word_1_76' title='bbox 339 1601 389 1666; x_wconf 90' lang='lat' dir='ltr'><strong>uti</strong></span> <span class='ocrx_word' id='word_1_77' title='bbox 403 1604 569 1687; x_wconf 84' lang='lat' dir='ltr'><strong>propellat</strong></span> <span class='ocrx_word' id='word_1_78' title='bbox 584 1611 733 1688; x_wconf 84' lang='lat' dir='ltr'><strong>tempore</strong></span> <span class='ocrx_word' id='word_1_79' title='bbox 747 1602 891 1684; x_wconf 79' lang='lat' dir='ltr'><strong>terrum,</strong></span> 
     </span>
    </p>

    <p class='ocr_par' dir='ltr' id='par_1_12' title="bbox 143 1708 1008 1805">
     <span class='ocr_line' id='line_1_13' title="bbox 143 1708 1008 1805; baseline -0.001 -34"><span class='ocrx_word' id='word_1_80' title='bbox 143 1710 240 1773; x_wconf 85' lang='lat' dir='ltr'><strong>Parte</strong></span> <span class='ocrx_word' id='word_1_81' title='bbox 252 1710 345 1791; x_wconf 90' lang='lat' dir='ltr'><strong>quod</strong></span> <span class='ocrx_word' id='word_1_82' title='bbox 355 1730 397 1774; x_wconf 84' lang='lat' dir='ltr'><strong>ex</strong></span> <span class='ocrx_word' id='word_1_83' title='bbox 410 1730 478 1805; x_wconf 84' lang='lat' dir='ltr'><strong>una</strong></span> <span class='ocrx_word' id='word_1_84' title='bbox 490 1709 634 1794; x_wconf 88' lang='lat' dir='ltr'><strong>spatium</strong></span> <span class='ocrx_word' id='word_1_85' title='bbox 641 1720 753 1794; x_wconf 75' lang='lat' dir='ltr'><strong>vacat,</strong></span> <span class='ocrx_word' id='word_1_86' title='bbox 768 1721 801 1775; x_wconf 89' lang='lat' dir='ltr'><strong>et</strong></span> <span class='ocrx_word' id='word_1_87' title='bbox 815 1710 905 1794; x_wconf 79' lang='lat' dir='ltr'><strong>capit</strong></span> <span class='ocrx_word' id='word_1_88' title='bbox 916 1708 954 1773; x_wconf 90' lang='lat' dir='ltr'><strong>in</strong></span> <span class='ocrx_word' id='word_1_89' title='bbox 964 1727 1008 1773; x_wconf 86' lang='lat' dir='ltr'><strong>se.</strong></span> 
     </span>
    </p>

    <p class='ocr_par' dir='ltr' id='par_1_13' title="bbox 142 1811 1069 1903">
     <span class='ocr_line' id='line_1_14' title="bbox 142 1811 1069 1903; baseline 0 -24"><span class='ocrx_word' id='word_1_90' title='bbox 142 1816 207 1880; x_wconf 88' lang='lat' dir='ltr'><strong>Hie</strong></span> <span class='ocrx_word' id='word_1_91' title='bbox 221 1816 298 1902; x_wconf 83' lang='lat' dir='ltr'><strong>tihi,</strong></span> <span class='ocrx_word' id='word_1_92' title='bbox 309 1838 410 1900; x_wconf 89' lang='lat' dir='ltr'><strong>quem</strong></span> <span class='ocrx_word' id='word_1_93' title='bbox 427 1839 594 1903; x_wconf 86' lang='lat' dir='ltr'><strong>memoro,</strong></span> <span class='ocrx_word' id='word_1_94' title='bbox 611 1842 672 1903; x_wconf 91' lang='lat' dir='ltr'><strong>per</strong></span> <span class='ocrx_word' id='word_1_95' title='bbox 682 1811 798 1884; x_wconf 83' lang='lat' dir='ltr'><strong>crebra</strong></span> <span class='ocrx_word' id='word_1_96' title='bbox 808 1820 973 1885; x_wconf 87' lang='lat' dir='ltr'><strong>foramina</strong></span> <span class='ocrx_word' id='word_1_97' title='bbox 988 1812 1069 1880; x_wconf 82' lang='lat' dir='ltr'><strong>ferri</strong></span> 
     </span>
    </p>

    <p class='ocr_par' dir='ltr' id='par_1_14' title="bbox 138 1914 842 2008">
     <span class='ocr_line' id='line_1_15' title="bbox 138 1914 842 2008; baseline 0.006 -24"><span class='ocrx_word' id='word_1_98' title='bbox 138 1914 266 1987; x_wconf 70' lang='lat' dir='ltr'><strong>&#39;Parvos</strong></span> <span class='ocrx_word' id='word_1_99' title='bbox 280 1925 324 1986; x_wconf 80' lang='lat' dir='ltr'><strong>ad</strong></span> <span class='ocrx_word' id='word_1_100' title='bbox 331 1923 455 2007; x_wconf 85' lang='lat' dir='ltr'><strong>parteis</strong></span> <span class='ocrx_word' id='word_1_101' title='bbox 465 1926 629 1988; x_wconf 86' lang='lat' dir='ltr'><strong>subtiliter</strong></span> <span class='ocrx_word' id='word_1_102' title='bbox 640 1925 824 1990; x_wconf 81' lang='lat' dir='ltr'><strong>insinuatus</strong></span> <span class='ocrx_word' id='word_1_103' title='bbox 831 1971 842 2008; x_wconf 88' lang='lat'>‚</span> 
     </span>
    </p>

    <p class='ocr_par' dir='ltr' id='par_1_15' title="bbox 141 2028 977 2114">
     <span class='ocr_line' id='line_1_16' title="bbox 141 2028 977 2114; baseline 0 -20"><span class='ocrx_word' id='word_1_104' title='bbox 141 2030 261 2094; x_wconf 86' lang='lat' dir='ltr'><strong>Trudit</strong></span> <span class='ocrx_word' id='word_1_105' title='bbox 272 2039 304 2093; x_wconf 89' lang='lat' dir='ltr'><strong>et</strong></span> <span class='ocrx_word' id='word_1_106' title='bbox 314 2028 466 2114; x_wconf 86' lang='lat' dir='ltr'><strong>impellit:</strong></span> <span class='ocrx_word' id='word_1_107' title='bbox 477 2030 570 2112; x_wconf 89' lang='lat' dir='ltr'><strong>quasi</strong></span> <span class='ocrx_word' id='word_1_108' title='bbox 584 2050 685 2095; x_wconf 81' lang='lat' dir='ltr'><strong>naves</strong></span> <span class='ocrx_word' id='word_1_109' title='bbox 701 2031 843 2112; x_wconf 86' lang='lat' dir='ltr'><strong>velaque</strong></span> <span class='ocrx_word' id='word_1_110' title='bbox 856 2031 977 2112; x_wconf 84' lang='lat' dir='ltr'><strong>ventis,</strong></span> 
     </span>
    </p>

    <p class='ocr_par' dir='ltr' id='par_1_16' title="bbox 140 2134 1110 2329">
     <span class='ocr_line' id='line_1_17' title="bbox 140 2134 1110 2217; baseline -0.002 -17"><span class='ocrx_word' id='word_1_111' title='bbox 140 2139 234 2200; x_wconf 86' lang='lat' dir='ltr'><strong>Haec</strong></span> <span class='ocrx_word' id='word_1_112' title='bbox 248 2155 383 2217; x_wconf 89' lang='lat' dir='ltr'><strong>quoque</strong></span> <span class='ocrx_word' id='word_1_113' title='bbox 395 2156 448 2200; x_wconf 87' lang='lat' dir='ltr'><strong>res</strong></span> <span class='ocrx_word' id='word_1_114' title='bbox 459 2134 652 2200; x_wconf 87' lang='lat' dir='ltr'><strong>adiumento</strong></span> <span class='ocrx_word' id='word_1_115' title='bbox 663 2146 823 2217; x_wconf 90' lang='lat' dir='ltr'><strong>motuque</strong></span> <span class='ocrx_word' id='word_1_116' title='bbox 833 2135 978 2201; x_wconf 86' lang='lat' dir='ltr'><strong>iuvatur.</strong></span> <span class='ocrx_word' id='word_1_117' title='bbox 1031 2139 1110 2198; x_wconf 75' lang='lat'><strong>1032</strong></span> 
     </span>
     <span class='ocr_line' id='line_1_18' title="bbox 181 2244 1006 2329; baseline 0 -21"><span class='ocrx_word' id='word_1_118' title='bbox 181 2244 336 2327; x_wconf 90' lang='lat' dir='ltr'><strong>Denique</strong></span> <span class='ocrx_word' id='word_1_119' title='bbox 347 2265 400 2310; x_wconf 86' lang='lat' dir='ltr'><strong>res</strong></span> <span class='ocrx_word' id='word_1_120' title='bbox 415 2263 530 2310; x_wconf 87' lang='lat' dir='ltr'><strong>omnes</strong></span> <span class='ocrx_word' id='word_1_121' title='bbox 544 2247 667 2309; x_wconf 86' lang='lat' dir='ltr'><strong>debent</strong></span> <span class='ocrx_word' id='word_1_122' title='bbox 678 2244 716 2308; x_wconf 92' lang='lat' dir='ltr'><strong>in</strong></span> <span class='ocrx_word' id='word_1_123' title='bbox 728 2264 869 2329; x_wconf 87' lang='lat' dir='ltr'><strong>corpore</strong></span> <span class='ocrx_word' id='word_1_124' title='bbox 881 2247 1006 2309; x_wconf 89' lang='lat' dir='ltr'><strong>hahere</strong></span> 
     </span>
    </p>

    <p class='ocr_par' dir='ltr' id='par_1_17' title="bbox 144 2350 995 2443">
     <span class='ocr_line' id='line_1_19' title="bbox 144 2350 995 2443; baseline -0.001 -29"><span class='ocrx_word' id='word_1_125' title='bbox 144 2352 246 2443; x_wconf 61' lang='lat' dir='ltr'><strong>Aera,</strong></span> <span class='ocrx_word' id='word_1_126' title='bbox 257 2350 530 2433; x_wconf 81' lang='lat' dir='ltr'><strong>quandoquidem</strong></span> <span class='ocrx_word' id='word_1_127' title='bbox 540 2372 617 2415; x_wconf 88' lang='lat' dir='ltr'><strong>raro</strong></span> <span class='ocrx_word' id='word_1_128' title='bbox 630 2360 709 2417; x_wconf 88' lang='lat' dir='ltr'><strong>sunt</strong></span> <span class='ocrx_word' id='word_1_129' title='bbox 719 2372 875 2436; x_wconf 84' lang='lat' dir='ltr'><strong>corpore,</strong></span> <span class='ocrx_word' id='word_1_130' title='bbox 892 2363 924 2415; x_wconf 92' lang='lat' dir='ltr'><strong>et</strong></span> <span class='ocrx_word' id='word_1_131' title='bbox 937 2355 995 2414; x_wconf 64' lang='lat' dir='ltr'><strong>aer</strong></span> 
     </span>
    </p>

    <p class='ocr_par' dir='ltr' id='par_1_18' title="bbox 143 2455 973 2541">
     <span class='ocr_line' id='line_1_20' title="bbox 143 2455 973 2541; baseline -0.001 -22"><span class='ocrx_word' id='word_1_132' title='bbox 143 2457 310 2521; x_wconf 87' lang='lat' dir='ltr'><strong>Omnibus</strong></span> <span class='ocrx_word' id='word_1_133' title='bbox 321 2464 369 2523; x_wconf 90' lang='lat' dir='ltr'><strong>est</strong></span> <span class='ocrx_word' id='word_1_134' title='bbox 381 2459 480 2522; x_wconf 88' lang='lat' dir='ltr'><strong>rebus</strong></span> <span class='ocrx_word' id='word_1_135' title='bbox 491 2456 714 2521; x_wconf 84' lang='lat' dir='ltr'><strong>circumdatus</strong></span> <span class='ocrx_word' id='word_1_136' title='bbox 725 2455 973 2541; x_wconf 83' lang='lat' dir='ltr'><strong>appositusque.</strong></span> 
     </span>
    </p>

    <p class='ocr_par' dir='ltr' id='par_1_19' title="bbox 142 2558 1009 2653">
     <span class='ocr_line' id='line_1_21' title="bbox 142 2558 1009 2653; baseline 0.001 -26"><span class='ocrx_word' id='word_1_137' title='bbox 142 2558 207 2630; x_wconf 86' lang='lat' dir='ltr'><strong>Hic</strong></span> <span class='ocrx_word' id='word_1_138' title='bbox 224 2565 341 2652; x_wconf 86' lang='lat' dir='ltr'><strong>igitur,</strong></span> <span class='ocrx_word' id='word_1_139' title='bbox 358 2565 493 2653; x_wconf 82' lang='lat' dir='ltr'><strong>penitus</strong></span> <span class='ocrx_word' id='word_1_140' title='bbox 508 2565 568 2648; x_wconf 89' lang='lat' dir='ltr'><strong>qui</strong></span> <span class='ocrx_word' id='word_1_141' title='bbox 580 2565 617 2629; x_wconf 91' lang='lat' dir='ltr'><strong>in</strong></span> <span class='ocrx_word' id='word_1_142' title='bbox 630 2566 719 2630; x_wconf 83' lang='lat' dir='ltr'><strong>ferro</strong></span> <span class='ocrx_word' id='word_1_143' title='bbox 731 2575 778 2630; x_wconf 83' lang='lat' dir='ltr'><strong>est</strong></span> <span class='ocrx_word' id='word_1_144' title='bbox 789 2565 937 2649; x_wconf 88' lang='lat' dir='ltr'><strong>abditus,</strong></span> <span class='ocrx_word' id='word_1_145' title='bbox 951 2568 1009 2629; x_wconf 72' lang='lat' dir='ltr'><strong>ae‘r</strong></span> 
     </span>
    </p>

    <p class='ocr_par' dir='ltr' id='par_1_20' title="bbox 143 2670 825 2756">
     <span class='ocr_line' id='line_1_22' title="bbox 143 2670 825 2756; baseline 0.006 -22"><span class='ocrx_word' id='word_1_146' title='bbox 143 2671 292 2735; x_wconf 83' lang='lat' dir='ltr'><strong>Sollicito</strong></span> <span class='ocrx_word' id='word_1_147' title='bbox 305 2681 398 2736; x_wconf 87' lang='lat' dir='ltr'><strong>motu</strong></span> <span class='ocrx_word' id='word_1_148' title='bbox 407 2692 540 2755; x_wconf 86' lang='lat' dir='ltr'><strong>semper</strong></span> <span class='ocrx_word' id='word_1_149' title='bbox 553 2670 707 2756; x_wconf 80' lang='lat' dir='ltr'><strong>iactatur,</strong></span> <span class='ocrx_word' id='word_1_150' title='bbox 719 2694 825 2755; x_wconf 89' lang='lat' dir='ltr'><strong>eoque</strong></span> 
     </span>
    </p>

    <p class='ocr_par' dir='ltr' id='par_1_21' title="bbox 143 2777 987 2864">
     <span class='ocr_line' id='line_1_23' title="bbox 143 2777 987 2864; baseline -0.006 -20"><span class='ocrx_word' id='word_1_151' title='bbox 143 2781 307 2846; x_wconf 88' lang='lat' dir='ltr'><strong>Verberat</strong></span> <span class='ocrx_word' id='word_1_152' title='bbox 319 2780 606 2860; x_wconf 86' lang='lat' dir='ltr'><strong>annellumdubio</strong></span> <span class='ocrx_word' id='word_1_153' title='bbox 617 2781 754 2864; x_wconf 85' lang='lat' dir='ltr'><strong>procul:</strong></span> <span class='ocrx_word' id='word_1_154' title='bbox 772 2790 804 2843; x_wconf 84' lang='lat' dir='ltr'><strong>et</strong></span> <span class='ocrx_word' id='word_1_155' title='bbox 823 2778 886 2842; x_wconf 86' lang='lat' dir='ltr'><strong>ciet</strong></span> <span class='ocrx_word' id='word_1_156' title='bbox 898 2777 987 2840; x_wconf 88' lang='lat' dir='ltr'><strong>intus</strong></span> 
     </span>
    </p>

    <p class='ocr_par' dir='ltr' id='par_1_22' title="bbox 143 2875 1007 2966">
     <span class='ocr_line' id='line_1_24' title="bbox 143 2875 1007 2966; baseline -0.006 -22"><span class='ocrx_word' id='word_1_157' title='bbox 143 2880 292 2946; x_wconf 71' lang='lat' dir='ltr'><strong>sciliceta</strong></span> <span class='ocrx_word' id='word_1_158' title='bbox 307 2891 405 2966; x_wconf 86' lang='lat' dir='ltr'><strong>atque</strong></span> <span class='ocrx_word' id='word_1_159' title='bbox 421 2884 541 2946; x_wconf 89' lang='lat' dir='ltr'><strong>eodem</strong></span> <span class='ocrx_word' id='word_1_160' title='bbox 557 2882 678 2963; x_wconf 84' lang='lat' dir='ltr'><strong>fertur,</strong></span> <span class='ocrx_word' id='word_1_161' title='bbox 694 2899 763 2962; x_wconf 90' lang='lat' dir='ltr'><strong>quo</strong></span> <span class='ocrx_word' id='word_1_162' title='bbox 772 2875 1007 2963; x_wconf 85' lang='lat' dir='ltr'><strong>praecipitavit</strong></span> 
     </span>
    </p>

    <p class='ocr_par' dir='ltr' id='par_1_23' title="bbox 142 2975 1077 3173">
     <span class='ocr_line' id='line_1_25' title="bbox 142 2975 1077 3068; baseline -0.005 -21"><span class='ocrx_word' id='word_1_163' title='bbox 142 2984 213 3047; x_wconf 85' lang='lat' dir='ltr'><strong>lam</strong></span> <span class='ocrx_word' id='word_1_164' title='bbox 229 2986 349 3068; x_wconf 87' lang='lat' dir='ltr'><strong>semel,</strong></span> <span class='ocrx_word' id='word_1_165' title='bbox 368 2995 401 3051; x_wconf 83' lang='lat' dir='ltr'><strong>et</strong></span> <span class='ocrx_word' id='word_1_166' title='bbox 414 3004 554 3048; x_wconf 80' lang='lat' dir='ltr'><strong>vacuam</strong></span> <span class='ocrx_word' id='word_1_167' title='bbox 570 2982 747 3067; x_wconf 82' lang='lat' dir='ltr'><strong>partemin</strong></span> <span class='ocrx_word' id='word_1_168' title='bbox 765 2979 941 3045; x_wconf 84' lang='lat' dir='ltr'><strong>conamina</strong></span> <span class='ocrx_word' id='word_1_169' title='bbox 950 2975 1077 3044; x_wconf 80' lang='lat' dir='ltr'><strong>sumsit.</strong></span> 
     </span>
     <span class='ocr_line' id='line_1_26' title="bbox 182 3086 1031 3173; baseline -0.004 -21"><span class='ocrx_word' id='word_1_170' title='bbox 182 3089 236 3153; x_wconf 89' lang='lat' dir='ltr'><strong>Fit</strong></span> <span class='ocrx_word' id='word_1_171' title='bbox 246 3109 393 3173; x_wconf 91' lang='lat' dir='ltr'><strong>quoque,</strong></span> <span class='ocrx_word' id='word_1_172' title='bbox 407 3097 445 3153; x_wconf 91' lang='lat' dir='ltr'><strong>ut</strong></span> <span class='ocrx_word' id='word_1_173' title='bbox 455 3111 475 3152; x_wconf 93' lang='lat' dir='ltr'><strong>a</strong></span> <span class='ocrx_word' id='word_1_174' title='bbox 484 3088 595 3171; x_wconf 91' lang='lat' dir='ltr'><strong>lapide</strong></span> <span class='ocrx_word' id='word_1_175' title='bbox 604 3090 668 3150; x_wconf 87' lang='lat' dir='ltr'><strong>hoc</strong></span> <span class='ocrx_word' id='word_1_176' title='bbox 677 3086 758 3150; x_wconf 81' lang='lat' dir='ltr'><strong>ferri</strong></span> <span class='ocrx_word' id='word_1_177' title='bbox 769 3095 887 3149; x_wconf 86' lang='lat' dir='ltr'><strong>natura</strong></span> <span class='ocrx_word' id='word_1_178' title='bbox 897 3087 1031 3149; x_wconf 86' lang='lat' dir='ltr'><strong>reoedat</strong></span> 
     </span>
    </p>

    <p class='ocr_par' dir='ltr' id='par_1_24' title="bbox 143 3188 1019 3380">
     <span class='ocr_line' id='line_1_27' title="bbox 143 3188 1019 3280; baseline -0.005 -23"><span class='ocrx_word' id='word_1_179' title='bbox 143 3195 331 3277; x_wconf 86' lang='lat' dir='ltr'><strong>Interdum,</strong></span> <span class='ocrx_word' id='word_1_180' title='bbox 345 3196 575 3280; x_wconf 79' lang='lat' dir='ltr'><strong>fugereatque</strong></span> <span class='ocrx_word' id='word_1_181' title='bbox 587 3189 683 3272; x_wconf 87' lang='lat' dir='ltr'><strong>sequi</strong></span> <span class='ocrx_word' id='word_1_182' title='bbox 693 3199 849 3254; x_wconf 86' lang='lat' dir='ltr'><strong>consueta</strong></span> <span class='ocrx_word' id='word_1_183' title='bbox 863 3188 1019 3256; x_wconf 80' lang='lat' dir='ltr'><strong>vicissim.</strong></span> 
     </span>
     <span class='ocr_line' id='line_1_28' title="bbox 181 3296 922 3380; baseline -0.007 -15"><span class='ocrx_word' id='word_1_184' title='bbox 181 3301 355 3365; x_wconf 86' lang='lat' dir='ltr'><strong>Exsultare</strong></span> <span class='ocrx_word' id='word_1_185' title='bbox 364 3300 465 3363; x_wconf 88' lang='lat' dir='ltr'><strong>etiam</strong></span> <span class='ocrx_word' id='word_1_186' title='bbox 477 3297 704 3363; x_wconf 85' lang='lat' dir='ltr'><strong>Samothracia</strong></span> <span class='ocrx_word' id='word_1_187' title='bbox 717 3300 824 3362; x_wconf 80' lang='lat' dir='ltr'><strong>ferrea</strong></span> <span class='ocrx_word' id='word_1_188' title='bbox 834 3296 922 3380; x_wconf 80' lang='lat' dir='ltr'><strong>vidi,</strong></span> 
     </span>
    </p>

    <p class='ocr_par' dir='ltr' id='par_1_25' title="bbox 143 3402 927 3469">
     <span class='ocr_line' id='line_1_29' title="bbox 143 3402 927 3469; baseline 0.003 -3"><span class='ocrx_word' id='word_1_189' title='bbox 143 3406 189 3469; x_wconf 80' lang='lat' dir='ltr'><strong>Ao</strong></span> <span class='ocrx_word' id='word_1_190' title='bbox 206 3413 358 3467; x_wconf 82' lang='lat' dir='ltr'><strong>ramenta</strong></span> <span class='ocrx_word' id='word_1_191' title='bbox 367 3402 468 3468; x_wconf 87' lang='lat' dir='ltr'><strong>simul</strong></span> <span class='ocrx_word' id='word_1_192' title='bbox 483 3403 564 3466; x_wconf 82' lang='lat' dir='ltr'><strong>ferri</strong></span> <span class='ocrx_word' id='word_1_193' title='bbox 579 3404 691 3467; x_wconf 84' lang='lat' dir='ltr'><strong>furere</strong></span> <span class='ocrx_word' id='word_1_194' title='bbox 708 3403 798 3469; x_wconf 87' lang='lat' dir='ltr'><strong>intus</strong></span> <span class='ocrx_word' id='word_1_195' title='bbox 812 3403 927 3468; x_wconf 83' lang='lat' dir='ltr'><strong>ahenis</strong></span> 
     </span>
    </p>

    <p class='ocr_par' dir='ltr' id='par_1_26' title="bbox 145 3494 1060 3595">
     <span class='ocr_line' id='line_1_30' title="bbox 145 3494 1060 3595; baseline 0.002 -27"><span class='ocrx_word' id='word_1_196' title='bbox 145 3507 183 3570; x_wconf 92' lang='lat' dir='ltr'><strong>ln</strong></span> <span class='ocrx_word' id='word_1_197' title='bbox 195 3494 359 3592; x_wconf 57' lang='lat' dir='ltr'><strong>scaphiis,</strong></span> <span class='ocrx_word' id='word_1_198' title='bbox 373 3507 459 3592; x_wconf 85' lang='lat' dir='ltr'><strong>lapis</strong></span> <span class='ocrx_word' id='word_1_199' title='bbox 474 3507 530 3573; x_wconf 86' lang='lat' dir='ltr'><strong>hio</strong></span> <span class='ocrx_word' id='word_1_200' title='bbox 542 3511 678 3595; x_wconf 87' lang='lat' dir='ltr'><strong>Magnes</strong></span> <span class='ocrx_word' id='word_1_201' title='bbox 688 3528 790 3589; x_wconf 91' lang='lat' dir='ltr'><strong>quom</strong></span> <span class='ocrx_word' id='word_1_202' title='bbox 799 3508 949 3573; x_wconf 88' lang='lat' dir='ltr'><strong>subditus</strong></span> <span class='ocrx_word' id='word_1_203' title='bbox 961 3512 1060 3573; x_wconf 81' lang='lat' dir='ltr'><strong>esset:</strong></span> 
     </span>
    </p>

    <p class='ocr_par' dir='ltr' id='par_1_27' title="bbox 147 3614 896 3702">
     <span class='ocr_line' id='line_1_31' title="bbox 147 3614 896 3702; baseline 0 -26"><span class='ocrx_word' id='word_1_204' title='bbox 147 3614 258 3696; x_wconf 85' lang='lat' dir='ltr'><strong>Usque</strong></span> <span class='ocrx_word' id='word_1_205' title='bbox 270 3615 354 3677; x_wconf 87' lang='lat' dir='ltr'><strong>adeo</strong></span> <span class='ocrx_word' id='word_1_206' title='bbox 365 3614 481 3702; x_wconf 82' lang='lat' dir='ltr'><strong>fugere</strong></span> <span class='ocrx_word' id='word_1_207' title='bbox 496 3633 605 3679; x_wconf 85' lang='lat' dir='ltr'><strong>asaxo</strong></span> <span class='ocrx_word' id='word_1_208' title='bbox 618 3614 738 3701; x_wconf 86' lang='lat' dir='ltr'><strong>gestire</strong></span> <span class='ocrx_word' id='word_1_209' title='bbox 748 3614 896 3697; x_wconf 85' lang='lat' dir='ltr'><strong>videtur,</strong></span> 
     </span>
    </p>

    <p class='ocr_par' dir='ltr' id='par_1_28' title="bbox 148 3720 894 3806">
     <span class='ocr_line' id='line_1_32' title="bbox 148 3720 894 3806; baseline 0.003 -22"><span class='ocrx_word' id='word_1_210' title='bbox 148 3722 228 3785; x_wconf 80' lang='lat' dir='ltr'><strong>Aere</strong></span> <span class='ocrx_word' id='word_1_211' title='bbox 246 3720 459 3806; x_wconf 84' lang='lat' dir='ltr'><strong>interposito;</strong></span> <span class='ocrx_word' id='word_1_212' title='bbox 471 3724 635 3787; x_wconf 85' lang='lat' dir='ltr'><strong>discordia</strong></span> <span class='ocrx_word' id='word_1_213' title='bbox 650 3733 738 3786; x_wconf 87' lang='lat' dir='ltr'><strong>tanta</strong></span> <span class='ocrx_word' id='word_1_214' title='bbox 749 3733 894 3787; x_wconf 78' lang='lat' dir='ltr'><strong>ereatura</strong></span> 
     </span>
    </p>

    <p class='ocr_par' dir='ltr' id='par_1_29' title="bbox 150 3824 1008 3912">
     <span class='ocr_line' id='line_1_33' title="bbox 150 3824 1008 3912; baseline 0.008 -23"><span class='ocrx_word' id='word_1_215' title='bbox 150 3824 324 3910; x_wconf 86' lang='lat' dir='ltr'><strong>Propterea</strong></span> <span class='ocrx_word' id='word_1_216' title='bbox 332 3839 345 3910; x_wconf 77' lang='lat'><strong>‚&#39;</strong></span> <span class='ocrx_word' id='word_1_217' title='bbox 354 3827 434 3909; x_wconf 86' lang='lat' dir='ltr'><strong>quia</strong></span> <span class='ocrx_word' id='word_1_218' title='bbox 450 3826 610 3894; x_wconf 89' lang='lat' dir='ltr'><strong>nimirum</strong></span> <span class='ocrx_word' id='word_1_219' title='bbox 625 3827 719 3912; x_wconf 87' lang='lat' dir='ltr'><strong>prius</strong></span> <span class='ocrx_word' id='word_1_220' title='bbox 735 3835 842 3893; x_wconf 87' lang='lat' dir='ltr'><strong>aestus</strong></span> <span class='ocrx_word' id='word_1_221' title='bbox 854 3824 915 3891; x_wconf 90' lang='lat' dir='ltr'><strong>ubi</strong></span> <span class='ocrx_word' id='word_1_222' title='bbox 924 3826 1008 3896; x_wconf 84' lang='lat' dir='ltr'><strong>aeris</strong></span> 
     </span>
    </p>
   </div>
   <div class='ocr_carea' id='block_1_3' title="bbox 0 0 1286 4726">
    <p class='ocr_par' dir='ltr' id='par_1_30' title="bbox 0 0 1286 4726">
     <span class='ocr_line' id='line_1_34' title="bbox 0 0 1286 4726; baseline 0 0"><span class='ocrx_word' id='word_1_223' title='bbox 0 0 1286 4726; x_wconf 95' lang='lat' dir='ltr'><strong> </strong></span> 
     </span>
    </p>
   </div>
  </div>
 </body>
</html>
