2550 4726
271 358 290 462 g
397 314 674 428 tir-rs.
943 373 1016 428 «ιιι

59 515 100 587 tis
117 511 353 610 popularibus
365 513 581 602 honoribus,
604 515 758 608 quinon
774 519 891 588 solum
906 540 1019 610 eque·

10 635 12 646 '
58 624 117 694 stri
131 622 267 710 ordini,
285 614 532 694 verumetiam
550 624 695 715 plebeio
711 624 903 717 patebant,
921 626 1020 719 (cer-

58 730 303 802 te-maioribus
322 729 396 802 eius
413 750 450 801 et
465 732 679 825 propinquis
694 748 902 825 patuerant,
917 735 931 826 )
945 733 1019 803 sive

58 843 163 934 quod
182 866 203 911 a
220 841 385 935 populari
400 842 544 914 levitate
563 842 770 914 abhorreret
788 860 930 929 natura,
947 843 1021 914 sive

37 951 162 1049 ⁴quod
182 953 291 1020 vitam
303 975 402 1021 suam
423 954 455 1021 ei
477 950 703 1047 disciplinae,
727 978 837 1045 quam
855 976 1022 1044 sequere·

55 1074 132 1145 tur,
149 1082 336 1150 quamque
348 1061 534 1151 amplexus
548 1077 653 1145 esset,
675 1075 948 1136 consentaneam
969 1083 1022 1128 es·

56 1191 92 1238 se
113 1168 244 1256 vellet,
258 1167 480 1262 (sapientem
505 1170 601 1238 enim
619 1168 663 1237 ad
680 1169 939 1262 rempublicam
964 1191 1022 1236 ac·

54 1299 239 1347 cessurum
257 1276 412 1374 negabat
426 1274 617 1368 Epicurus,
632 1279 645 1370 )
668 1276 853 1350 constituit
871 1301 907 1346 se
930 1276 1021 1345 iutra

54 1383 368 1456 fortunamsuam
395 1385 604 1474 continere,
628 1401 882 1480 perpetuoque
910 1409 1022 1475 eque·

54 1515 164 1567 strem
190 1490 401 1593 dignitatern
427 1497 598 1584 retinere,
624 1520 746 1589 neque
770 1495 910 1590 longius
934 1519 1022 1586 pro-

53 1608 173 1706 gredi,
202 1607 315 1701 idque
340 1610 541 1680 multorum
572 1608 755 1677 bonorum
781 1622 817 1676 et
841 1607 1020 1674 clarorum

54 1722 216 1790 virorum
240 1721 417 1813 exemplo.
439 1720 613 1824 Quamvis
630 1739 751 1788 autem
770 1733 883 1786 essent
898 1717 933 1784 hi
955 1739 1021 1784 nu·

54 1828 159 1902 mero
181 1832 406 1924 complures,
424 1854 517 1900 santis
540 1831 763 1924 Pomponius
783 1847 904 1898 tamen
929 1828 1023 1897 mul·

54 1957 178 2012 torum
200 1942 307 2010 instar
332 1942 364 2013 ei
379 1966 448 2011 esse
466 1957 625 2033 poterat3
649 1942 734 2032 qui,
748 1962 833 2010 cum
857 1937 889 2007 ei
906 1939 1024 2006 bono-

56 2073 111 2119 res
130 2049 362 2143 amplissimos
385 2051 422 2115 in
445 2073 505 2116 sua
529 2050 671 2120 civitate
692 2046 1019 2138 conseqniliceret,

56 2158 107 2230 ita
131 2159 314 2252 privatus,
340 2157 518 2249 quamdiu
547 2159 673 2226 mansit
692 2160 728 2226 iu
753 2159 846 2242 vita,
865 2157 956 2226 vixit
978 2170 1026 2225 ta·

55 2291 165 2354 men,
188 2284 231 2337 nt
252 2250 332 2337 viris
354 2266 465 2336 totius
485 2264 634 2337 civitatis
656 2267 837 2337 Romanae
859 2264 1023 2359 amplissi-

54 2378 149 2464 mis,
175 2392 213 2449 et
234 2376 484 2465 ornatissimis,
514 2395 550 2449 et
576 2377 800 2450 nobilissimis
829 2377 1022 2450 carissimus

52 2485 189 2558 fuerit.¹
791 2552 798 2568 ,

111 2597 281 2702 Quantus
294 2612 415 2669 autem
426 2609 532 2691 poeta
545 2599 588 2669 sit
604 2599 805 2691 Lucretius,
822 2625 930 2696 quam
946 2623 1024 2673 acu·

54 2723 98 2777 to
126 2723 162 2775 et
188 2706 258 2775 acri
283 2706 449 2802 ingenio,
482 2721 617 2800 quanta
643 2709 687 2779 sit
713 2711 875 2782 carminis
902 2711 948 2780 ab
972 2734 1023 2780 eo

55 2817 204 2910 scripti,
233 2818 377 2914 gravitas
405 2818 452 2889 ac'
471 2819 651 2908 maiestas,
676 2841 831 2913 quantus
859 2836 1022 2912 ornatus,

56 2952 172 3024 quam
185 2929 328 3024 pulchri
345 2946 381 3000 et
397 2932 563 3025 praeclari
577 2956 715 3019 versus,
738 2920 873 3025 quanta
890 2955 1024 3003 senno·

56 3041 115 3112 nis
140 3040 331 3136 elegantia,
366 3041 564 3139 integritas,
598 3047 737 3135 atque,
752 3057 792 3111 ut
817 3042 865 3110 ita
886 3041 1022 3128 dicam,

56 3149 203 3235 sanitas,
228 3174 312 3221 cum
343 3177 468 3221 omnes
489 3151 636 3236 eruditi,
659 3151 724 3244 qui
742 3149 851 3220 hodie
871 3151 1023 3237 vivunt,

56 3260 287 3356 intelliguut3
311 3282 392 3330 tum
420 3260 484 3354 qui
507 3277 649 3353 patrum
676 3276 879 3330 nostrorum
907 3279 1022 3334 aetate
1120 3317 1122 3321 -

58 3368 282 3463 floruerunt,
302 3396 346 3442 eo
360 3374 516 3442 maxime
535 3371 779 3454 declararunt,
799 3372 902 3463 quod
923 3371 1022 3453 hunc
1126 3442 1129 3446 .

56 3491 205 3574 poetam
222 3478 381 3575 inprimis
403 3481 567 3552 amabant
586 3495 623 3550 et
645 3479 862 3549 lectitabant.
879 3477 950 3549 Sed
967 3482 1024 3551 ul-

58 3591 150 3661 tima
170 3593 229 3662 illa
249 3609 285 3662 et
296 3594 451 3664 maxime
465 3590 686 3682 veneranda,
712 3608 841 3685 utpote
853 3590 1021 3663 nondum

56 3701 256 3798 peregrinis
283 3701 444 3772 sordibus
473 3702 624 3792 oblita,
641 3700 833 3797 antiquitas
855 3721 932 3774 non
955 3699 1023 3771 ob·

58 3834 164 3885 sture
179 3810 219 3881 id
236 3808 453 3917 significavit.
