2550 4726
170 344 229 408 ιε,
364 342 432 404 ur
461 338 657 404 aarum
685 336 910 404 uaruaa
949 359 983 404 v.
1005 355 1080 419 1240·

166 488 335 570 Desertus,
345 484 418 570 opis
431 482 592 568 experteis
599 528 609 566 ‚
622 482 753 547 Incuria
763 493 914 549 maetam

65 573 67 578 ἵ
167 594 347 681 lanigeras
360 602 518 674 tanquam
527 592 686 675 pecudes,
696 600 730 656 et
741 593 864 656 bucera
874 594 974 657 secla.

168 695 236 782 Qui
246 695 497 758 fuerantautem
507 702 654 777 praesto,
666 695 860 784 contagibus
872 695 987 778 ibant,

166 802 274 882 Atque
286 801 418 882 labore,
431 800 541 883 pudor
554 818 654 879 quem
670 807 742 862 tum
756 802 893 887 cogebat
903 799 1014 883 obire,

166 908 357 988 Blandaque
366 908 529 970 lassorum
539 925 621 987 vox,
639 904 744 969 mixta
760 908 1017 988 vocequarclaa.

169 1011 334 1094 Optumus
342 1011 406 1074 hoc
416 1008 475 1074 leti
487 1030 593 1096 genus
607 1028 688 1097 crgo
699 1007 991 1092 quisquesubibat.

206 1121 313 1201 Inque
323 1119 528 1205 annalium,
544 1120 708 1205 populum
721 1117 862 1201 sepelire
871 1136 1012 1213 suorum

167 1223 521 1306 Certantes,lacrumis
533 1223 611 1290 lassi
622 1225 780 1309 luctuque
790 1221 956 1288 redibant.
986 1271 989 1279 ,

167 1327 250 1389 Inde
260 1328 385 1390 bonam
394 1336 523 1410 partem
532 1326 569 1391 in
584 1329 708 1391 lectum
717 1347 868 1392 macrore
879 1328 1060 1390 dabantur:

167 1434 234 1496 Nec
243 1441 371 1517 poterat
381 1432 557 1515 quisquam
573 1433 731 1518 reperiri,
741 1455 841 1517 quem
854 1454 963 1515 neque
980 1431 1116 1511 morht,

166 1543 235 1605 Nec
247 1560 353 1625 mors,
362 1562 425 1606 uec
434 1543 557 1624 luctus,
567 1552 707 1608 tentaret
721 1552 870 1627 tempore
880 1541 950 1605 tali.

209 1648 396 1729 Praeterea,
408 1645 476 1708 iam
485 1654 613 1729 pastor,
629 1657 662 1712 et
674 1647 893 1711 armentarius
906 1645 1035 1730 omnis,

166 1754 207 1816 Et
221 1755 375 1818 robustus
386 1753 468 1816 item
481 1755 576 1818 curvi
585 1758 774 1820 moderator
790 1757 910 1840 aratri,

166 1858 375 1942 Languebat3
388 1857 586 1940 penitusque
598 1871 843 1926 casa-contrusa
856 1861 1013 1926 iacebant

167 1967 333 2048 Corpora,
346 1977 540 2050 paupertate
554 1978 586 2032 et
597 1971 716 2032 morbo
727 1969 838 2034 dedita
849 1966 963 2032 morti.

166 2071 337 2136 Exanimis
347 2071 460 2155 pueris
468 2095 568 2157 super
577 2074 765 2138 exanimata
778 2083 957 2158 parentum
1057 2066 1130 2134 1255

166 2177 316 2259 Corpora
325 2184 568 2261 nonnunquam
578 2174 689 2262 posses
701 2188 856 2261 retroque
865 2177 981 2241 ridere

166 2275 328 2347 Matrillus
341 2293 373 2348 et
383 2284 535 2367 patribus
544 2293 639 2348 natos
652 2304 755 2367 super
763 2286 862 2347 edere
875 2281 991 2346 vitam.

206 2390 275 2451 Nec
288 2388 474 2452 minumum
486 2398 614 2472 partem
628 2411 668 2453 ex
679 2387 765 2477 agris
777 2408 907 2454 macros
919 2389 996 2451 isin
1005 2391 1129 2452 urbem

167 2494 352 2573 Confluxit‚
363 2494 526 2580 languens
537 2517 637 2576 quam
651 2496 792 2560 contulit
809 2495 1034 2582 agricolarum

168 2593 288 2676 Copia,
308 2598 508 2660 conveniens
524 2619 565 2661 ex
579 2601 672 2662 omui
686 2600 837 2701 morbida
847 2611 951 2685 parte.

168 2696 293 2762 Omnia
305 2702 491 2763 condebant
500 2702 574 2764 loca
585 2711 752 2782 tectaque:
769 2722 836 2782 quo
849 2703 956 2789 magis
970 2711 1064 2768 aestu
1104 2783 1113 2795 ,

167 2809 340 2874 Confertos
349 2809 412 2874 situ
424 2809 602 2874 acervatim
614 2812 705 2872 Mors
715 2811 957 2873 accumulabat.

207 2920 315 2980 Multa
326 2918 381 2981 sili
394 2927 557 3001 prostrata
568 2919 656 2981 viam
668 2939 745 3001 per,
763 2938 890 3001 proque
902 2921 1035 3004 voluta,

168 3031 334 3111 Corpora,
345 3027 467 3093 silanos
479 3032 522 3091 ad
536 3049 697 3110 aquarum
708 3038 826 3112 strata,
837 3029 1005 3114 iacebant,

166 3132 349 3196 Interclusa
364 3134 474 3196 anima
488 3133 592 3196 nimia
603 3139 645 3198 ab
662 3135 838 3198 dulcedine
854 3157 1016 3217 aquarum
1026 3146 1047 3199 τ’

167 3237 340 3318 Multaque
350 3257 410 3319 per
417 3238 534 3319 populi
543 3238 663 3321 passim
673 3241 747 3301 loca
758 3250 904 3323 promta,
917 3241 1073 3324 viasque,

166 3337 342 3424 Languida
351 3337 546 3400 semianimo
558 3358 633 3400 cum
649 3358 788 3421 corpore
804 3344 956 3403 membra
967 3342 1112 3425 videres,

168 3442 314 3505 Horrida
328 3444 489 3525 paedore,
503 3451 535 3505 et
547 3441 668 3525 pannis
684 3455 855 3528 cooperta,
866 3446 979 3530 perire
1139 3427 1142 3430 ’

170 3545 326 3628 Corporis
339 3545 484 3609 inluvie:
497 3547 594 3630 pellis
606 3567 705 3631 super
714 3548 842 3612 ossibus
851 3571 936 3633 una,

152 3652 356 3721 ,Visceribus
372 3654 483 3719 taetris
496 3676 601 3739 prope
613 3655 680 3717 iam
692 3655 848 3736 sordique
860 3659 1000 3740 sepulta.

210 3757 333 3821 Omnia
343 3759 487 3841 denique
496 3769 608 3825 sancta
617 3762 725 3825 Dedm
736 3765 874 3827 delubra
885 3765 1028 3847 replerat
