2572 4732
421 329 626 435 mssa
665 372 707 439 v.
747 375 871 439 aasz
1063 379 1121 441 181

202 514 319 579 Iamne
328 513 435 599 vides,
448 524 610 600 quantum
624 517 730 583 tenuis
741 529 861 583 natura
873 520 986 588 valere

164 619 281 702 Possit,
295 619 355 683 ubi
364 629 412 683 est
423 620 599 686 coniuncta
609 622 704 707 gravi
715 644 790 686 eum
800 646 955 711 eorpore3
968 636 1005 692 ut
1014 633 1072 701 adr

164 725 367 791 Coniunctus
378 726 487 812 terris,
506 737 537 792 et
546 728 642 795 nobis
656 739 704 794 est
719 730 824 794 animi
833 732 907 797 vis?

200 830 270 892 Nec
281 827 387 893 nimio
395 829 474 894 solis
485 830 592 894 maior
603 843 693 915 rota,
709 855 772 898 nee
780 835 893 899 minor
903 839 1004 901 ardor

162 933 239 1000 Esse
251 944 374 1019 potest,
388 936 509 1000 nostris
520 958 619 1019 quam
632 939 780 1006 sensibus
789 962 860 1005 esse
870 940 1012 1008 videtur.

162 1044 245 1107 Nam
259 1043 382 1125 quihus
390 1067 409 1110 e
418 1046 531 1129 spatiis
542 1068 673 1129 cunque
683 1047 775 1135 ignes
787 1047 916 1113 lumina
929 1057 1067 1132 possunt

161 1147 319 1230 Allioere,
330 1158 362 1212 et
373 1149 518 1213 calidum
528 1152 685 1216 membris
699 1154 820 1216 adflare
831 1172 1007 1237 vaporem,

159 1251 216 1312 Nil
228 1250 347 1315 missus
359 1251 543 1318 intervallis
555 1256 598 1317 de
616 1273 754 1338 corpore
769 1254 893 1317 librant

158 1358 404 1440 Flammarum,
418 1358 501 1422 nihil
513 1362 556 1423 ad
563 1361 708 1444 speciem
718 1371 767 1425 est
778 1359 977 1429 contractior
989 1362 1087 1450 ignis.

158 1461 319 1545 Proinde,
340 1466 431 1527 calor
441 1466 598 1546 quoniam
613 1468 693 1537 solis
703 1471 882 1550 lumenque
894 1469 1069 1552 profusum

158 1567 362 1631 Perveniunt
374 1580 501 1634 nostros
514 1572 557 1633 ad
569 1591 696 1654 sensus,
706 1581 739 1636 et
747 1573 822 1636 loca
830 1572 978 1659 fulgent3

159 1677 281 1737 Forma
294 1697 427 1759 quoque
439 1677 606 1743 hinesolis
616 1682 714 1743 debet
728 1678 890 1761 filumque
903 1674 1028 1762 videri,

160 1779 216 1843 Nil
225 1781 308 1843 adeo
319 1792 356 1844 ut
365 1784 470 1866 possis
482 1787 570 1869 plus,
584 1794 641 1849 aut
653 1785 781 1869 minus,
797 1787 919 1850 addere
930 1804 1023 1847 vera.

201 1886 375 1967 Lunaque,
385 1883 454 1951 sive
464 1892 567 1951 notho
577 1890 682 1952 fertur
690 1890 765 1952 loca
778 1888 906 1952 lumine
916 1891 1075 1969 lustrans,

158 1988 235 2052 Sive
247 2010 307 2053 suo
317 1991 455 2073 proprio
471 1991 571 2054 iactat
582 1992 625 2052 de
633 2010 773 2074 corpore
786 1993 909 2069 lueem;
1059 1993 1119 2073 576

160 2092 334 2178 Quidquid
346 2092 383 2155 id
394 2101 455 2174 est,
472 2092 580 2156 nihilo
594 2093 700 2157 fertur
716 2092 843 2155 maiore
856 2092 981 2178 figura,

160 2205 271 2286 Quam
282 2200 399 2264 nostris
410 2199 529 2283 oculis,
544 2221 609 2281 qua
621 2200 804 2283 cernimus,
817 2222 885 2264 esse
897 2186 1039 2264 videtur.

161 2309 245 2369 Nam
256 2306 346 2391 prius
358 2304 484 2388 omnia,
501 2320 586 2387 quae
596 2308 698 2393 longe
709 2315 834 2368 semota
851 2315 984 2368 tuemur

159 2414 244 2475 Aera
254 2433 316 2493 per
327 2413 483 2492 multum,
497 2408 605 2493 speeie
621 2409 757 2471 confusa
767 2406 940 2487 videntur,

159 2520 270 2603 Quam
279 2513 387 2577 minui
396 2514 506 2578 filum:
523 2496 724 2598 quapropter
739 2515 819 2577 luna
830 2534 961 2580 necesse
975 2522 1037 2597 est,

160 2617 438 2703 Quandoquidem
453 2621 577 2682 claram
586 2619 730 2703 speciem
740 2628 930 2702 certamque
938 2618 1082 2709 figuram
1175 2612 1178 2620 ’

159 2725 312 2806 Praebet,
327 2733 364 2787 ut
373 2734 423 2788 est
435 2723 502 2788 oris
519 2724 674 2788 extremis
690 2746 820 2806 cunque
835 2735 964 2806 notata,

160 2834 357 2915 Quantaque
372 2841 497 2912 quanta
512 2842 575 2910 est,
590 2831 670 2893 hine
684 2830 781 2892 nobis
791 2830 956 2911 videatur,
974 2831 1012 2894 in
1022 2834 1102 2896 alto.

200 2942 388 3017 Postremo,
403 2955 616 3016 quoscunque
626 2931 718 2996 vides
730 2931 811 2995 hine
824 2933 966 2996 aetheris
976 2934 1097 3020 igneis,

161 3042 450 3129 Quandoquidem,
461 3058 675 3120 quoscunque
683 3037 719 3101 iu
729 3036 823 3101 terris
829 3037 994 3101 cernimus
1003 3038 1119 3126 igneis,

161 3153 250 3212 Dum
262 3159 385 3213 tremor
397 3157 444 3212 est
455 3149 579 3228 clarus,
591 3147 672 3208 dum
683 3144 828 3209 cernitur
837 3146 938 3208 ardor
946 3164 1080 3232 eorum,

160 3258 365 3337 Perparvum
377 3255 536 3335 quiddam
546 3252 715 3316 interdum
724 3261 853 3316 mutare
862 3251 994 3317 videtur

160 3362 306 3423 Alteram
315 3372 423 3423 utram
432 3360 468 3423 in
480 3372 608 3442 partem
616 3359 728 3442 filum,
741 3378 809 3441 quo
819 3355 950 3445 longius
960 3355 1059 3437 absit3

161 3464 252 3528 Scire
261 3464 338 3528 licet
345 3511 356 3546 ,
368 3487 529 3547 perquam
541 3465 692 3547 pauxillo
704 3450 800 3547 posse
811 3465 957 3529 minores

163 3573 255 3653 Esse,
272 3573 326 3634 vel
342 3570 460 3656 exigua
473 3570 614 3633 maiores
624 3580 735 3650 parte,
747 3570 920 3650 brevique.

204 3680 294 3741 Illud
309 3678 389 3741 item
402 3696 471 3741 non
487 3687 534 3741 est
550 3675 757 3759 mirandum,
776 3699 841 3759 qua
858 3675 988 3742 ratione

163 3785 324 3849 Tantulus
340 3782 398 3848 ille
414 3793 513 3869 queat
531 3792 660 3850 tantum
669 3785 720 3850 sol
735 3783 868 3849 mittere
881 3784 1013 3870 lumen,
