2550 4726
443 101 646 168 mnan
683 105 711 169 u
749 112 901 187 nnn
1096 121 1132 183 ιε

166 245 332 331 Undique
342 242 491 311 materies
502 246 658 330 quoniam
672 249 791 334 stipata
808 254 957 335 quiesset.
1029 330 1033 343 ‚

209 358 406 435 Praeterea,
421 351 571 433 quamvis
581 353 705 418 solidae
719 375 772 419 res
790 377 860 421 esse
876 367 1049 448 putentur,

160 465 263 537 Hinc
278 474 387 526 tamen
398 480 467 525 esse
481 461 560 526 licet
571 480 646 525 raro
659 483 736 526 cum
753 483 892 548 corpore
908 489 1030 539 cernas.

157 573 206 637 In
224 573 317 637 saxis
327 591 364 634 ac
373 570 539 654 speluncis
552 581 725 654 permanat
743 592 903 655 aquarum

152 677 333 760 liquidus
351 679 489 757 humor,
511 685 544 740 et
557 677 714 741 uberibus
731 680 811 741 ssent
826 680 939 744 omnia
954 686 1071 771 guttis:
1126 750 1130 759 ,
1215 704 1218 709 ’

153 783 331 864 Dissupat
341 779 378 842 iu
391 799 509 863 corpus
521 800 589 847 sese
607 780 699 846 cibus
713 801 811 845 omne
826 783 1053 851 animantum:

152 891 333 952 Crescunt
349 890 498 970 arbusta,
514 897 548 951 et
563 890 647 953 fetus
663 887 700 952 in
713 897 861 972 tempore
872 891 1035 977 fundunt,

152 998 274 1082 Quod
292 998 383 1061 cibus
399 997 436 1060 iu
450 1007 549 1080 totas,
562 1019 664 1077 usque
676 999 718 1060 ab
729 997 895 1062 radicibus
907 998 1000 1082 imis,

148 1105 234 1165 Per
255 1110 388 1167 truncos
409 1121 448 1178 ac
464 1123 526 1186 per
539 1120 648 1166 ramos
666 1096 863 1165 diffunditur
878 1106 1019 1170 omneis:

148 1207 263 1268 Inter
273 1215 385 1288 saepta
397 1215 510 1268 meant
527 1224 641 1287 voces,
654 1211 686 1268 et
700 1205 812 1269 clausa
830 1194 1008 1270 domorum

150 1309 433 1378 Transvolitantz
452 1307 600 1411 rigidum
616 1320 789 1392 permanat
800 1308 906 1397 frigus
918 1313 961 1373 ad
977 1331 1059 1378 ossa.

151 1419 289 1503 Quod,
303 1417 367 1482 nisi
377 1416 491 1482 inania
500 1419 584 1501 sint,
599 1438 666 1500 qua
680 1427 813 1502 possent
827 1438 1131 1508 corporalquaeque

151 1522 344 1605 Transire,
358 1526 449 1588 haud
459 1527 527 1590 ulla
540 1524 613 1598 fieri
630 1526 758 1608 ratione
776 1525 915 1592 videres.

208 1630 384 1713 Denique,
406 1651 493 1711 quur
509 1630 590 1695 alias
609 1630 682 1694 aliis
701 1641 865 1714 praestare
885 1631 1035 1702 ridemus

155 1735 323 1798 Pondere
342 1756 394 1798 res
408 1737 522 1816 rebus,
538 1734 644 1796 nihilo
661 1733 786 1797 maiore
801 1734 932 1822 figura?
1071 1748 1131 1809 360

154 1840 277 1922 Nam,
288 1840 317 1903 si
335 1840 527 1902 tantundem
536 1849 583 1902 est
595 1838 633 1900 in
647 1840 744 1902 lanae
760 1842 926 1926 glomere,
935 1859 1096 1926 quantum

163 1946 330 2031 Corporis
338 1946 374 2007 in
385 1946 525 2029 plumbo
537 1953 599 2025 est,
619 1946 812 2008 tantundem
823 1950 967 2029 pendere
979 1973 1041 2034 par
1053 1964 1114 2038 est3

167 2053 328 2139 conponis
344 2049 490 2116 officium
508 2057 557 2115 est
572 2050 732 2131 quoniam
752 2072 903 2134 premere
922 2058 1035 2122 omniu

677 2244 680 2248 ι
700 2160 874 2224 deorsum:

172 2271 295 2330 Contra
307 2275 418 2331 autem
431 2275 549 2330 natura
558 2274 672 2348 manet
682 2267 754 2331 sine
766 2271 914 2350 pondere
924 2270 1043 2340 inanis.

175 2372 277 2458 Ergo,
290 2374 381 2454 quod
390 2389 550 2459 magnum
561 2380 609 2436 est
621 2388 725 2453 aeque
730 2418 741 2456 ,
757 2374 930 2458 leviusque
942 2378 1086 2465 viderur,

175 2476 337 2539 Nimirum
350 2478 425 2560 plus
442 2497 511 2542 esse
522 2476 586 2541 sihi
602 2479 746 2543 declarat
762 2478 886 2560 inanis;

176 2581 214 2640 At
232 2590 348 2644 contra
362 2579 495 2666 gravius
510 2583 584 2663 plus
599 2580 637 2643 in
652 2603 686 2645 se
700 2581 847 2665 corporis
859 2600 928 2645 esse

176 2686 326 2768 Dedicat,
347 2699 380 2753 et
392 2689 500 2751 multo
515 2706 658 2750 vacuum
673 2685 744 2748 min
795 2683 884 2747 intus
897 2688 1028 2754 habere.

211 2795 269 2858 Est
278 2794 379 2882 igitur
390 2793 550 2857 nimirum
558 2792 610 2874 id,
624 2793 715 2873 quod
730 2705 858 2853 r'fioue
871 2792 981 2876 sagaci

176 2903 386 2988 Quaerimus,
398 2903 582 2967 admixtum
595 2905 708 2980 rehum
730 2902 821 2982 quod
836 2901 938 2965 Inane
955 2918 1120 2972 vocamus.

213 3009 320 3090 Illud,
333 3009 371 3071 in
386 3009 438 3073 his
453 3011 552 3073 rebus
567 3029 610 3072 ne
627 3018 658 3072 te
679 3008 842 3072 deducere
862 3029 941 3073 vero

179 3108 295 3192 Possit,
309 3111 398 3190 quod
409 3109 546 3190 quidam
563 3107 708 3197 fingunt,
725 3129 938 3193 praecurrere
953 3133 1063 3200 cogor.

178 3215 297 3279 Cedere
310 3216 525 3302 squamigeris
542 3215 653 3281 latices
672 3215 853 3279 nitentibus
872 3215 979 3299 aiunt,

178 3326 211 3387 Et
223 3324 366 3407 liquidas
376 3326 506 3409 aperire
520 3324 603 3406 vias,
623 3322 702 3403 quia
714 3335 788 3405 post
803 3325 876 3385 loca
894 3324 997 3406 pisces

178 3429 359 3517 linquant,
370 3452 436 3515 quo
448 3432 573 3517 possint
587 3433 738 3496 cedentes
756 3432 921 3494 coniluere
933 3432 1059 3499 undeet

179 3529 226 3599 Sic
239 3536 320 3601 alias
339 3556 471 3630 quoque
483 3549 537 3602 res
551 3532 639 3601 inter
649 3556 683 3602 sc
693 3555 788 3623 posse
805 3533 946 3618 moveri,
