2572 4732
332 347 643 412 n1nan1v.
684 350 786 429 v.95.
978 351 1034 411 12³

72 492 116 556 ln
134 496 268 575 promtu
280 489 438 572 quonlam
450 500 512 572 est,
525 490 561 552 in
572 491 680 573 prima
691 492 800 556 fronte
810 493 926 555 locata.

85 640 90 647 ·
116 588 1034 682 Postremo,speculis,inaqua,splcndorequeinomni,

73 706 303 788 Quaecunque
316 713 476 788 apparent
489 702 584 766 nobis
594 703 783 786 simulacra,
794 724 924 768 neeesse
936 714 1000 788 est,

73 811 355 897 Quandoquidem
367 811 470 874 simili
486 810 592 894 specie
603 820 679 874 sunt
692 810 841 894 praedita
855 830 985 893 rerum,

71 918 151 978 Esse
160 914 197 977 in
208 913 410 998 imaginibus
425 913 531 978 missis
544 913 719 978 consistere
728 935 854 978 eorum.

72 1025 160 1084 Nam
171 1039 259 1103 quur
269 1021 328 1084 illa
344 1024 462 1084 cadant
477 1022 598 1108 magis,
609 1024 824 1102 abrebusque
835 1023 993 1084 recedant
1085 1060 1087 1064 -

72 1128 240 1207 Corpora,
252 1146 304 1188 res
314 1129 436 1190 multae
448 1147 532 1208 quae
542 1127 677 1190 mittunt
686 1147 823 1209 corpore
833 1136 964 1210 aperto,

72 1231 186 1312 Quam
197 1250 283 1310 quae
298 1230 409 1293 tenuia
421 1241 517 1312 sunt,
530 1231 684 1294 hiscundi
694 1242 743 1294 est
755 1232 847 1294 nulla
860 1239 1011 1314 poteslas.

28 1371 32 1376 -
72 1330 157 1391 Sunt
171 1330 275 1417 igitur
290 1341 403 1396 tenues
416 1334 598 1396 formarum
612 1333 850 1414 dissimilesque

70 1429 220 1518 Effigies,
236 1434 428 1522 singillatim
447 1458 528 1519 quas
548 1459 681 1502 cernere
696 1456 796 1501 nemo

72 1537 185 1619 Quom
198 1539 315 1622 possit,
335 1551 458 1624 tamen,
476 1543 607 1607 assiduo
618 1545 801 1623 crebroque
816 1542 950 1626 repulsu
1046 1545 1055 1623 ζ

70 1639 246 1724 Reiectae,
259 1647 402 1711 reddunt
416 1650 626 1730 speculorum
643 1670 683 1711 ex
692 1668 835 1729 aequore
843 1647 970 1711 visum:
1043 1728 1046 1733 Ι

69 1742 141 1807 Nec
153 1748 280 1812 ratione
293 1752 357 1814 alia
372 1754 497 1815 servari
506 1775 601 1837 posse
611 1754 765 1816 videntur

69 1854 277 1940 Tantopere,
290 1871 327 1922 ut
341 1861 466 1925 similes
478 1865 659 1938 reddantur
671 1861 817 1941 quoique
827 1858 964 1945 figurae.

112 1959 144 2018 N
146 1981 211 2021 unc
220 1969 299 2046 ag'e,
311 1984 412 2043 quarn
426 1965 517 2026 tenui
532 1975 651 2026 natura
663 1973 788 2026 constet
800 1963 929 2047 imago,
974 1982 1031 2041 109

67 2061 227 2144 Percipe;
243 2074 277 2126 et
289 2064 465 2149 inprimis,
479 2068 637 2148 quoniam
654 2067 838 2151 primordia
854 2077 983 2130 tanturn

67 2168 253 2231 suntinfra
265 2182 391 2236 nostros
408 2192 538 2254 sensus,
556 2182 712 2253 tantoque
731 2173 878 2253 minora,
909 2160 911 2163 ’

66 2275 182 2356 Quam
194 2293 279 2353 quae
289 2274 436 2356 primum
448 2275 536 2338 oculi
545 2284 698 2359 coeptant
711 2295 780 2337 non
790 2255 888 2358 posse¹
898 2272 1000 2336 tueri.

64 2379 169 2440 Nunc
178 2387 297 2462 tamen,
304 2380 340 2443 id
350 2402 482 2462 quoque
492 2382 542 2445 uti
550 2383 764 2464 conformem,
773 2381 910 2444 exordia
918 2401 1032 2445 rerum

66 2476 275 2548 cunctarum
288 2505 388 2570 quam
397 2487 462 2550 siut
471 2489 622 2571 subtilia,
636 2488 770 2572 percipe
784 2486 909 2570 paucis.

112 2591 264 2655 Primum
271 2622 284 2676 ,·
296 2594 452 2658 animalia
462 2606 537 2659 sunt
547 2595 614 2658 iam
626 2594 748 2678 partim
759 2595 900 2676 tantula,
913 2600 951 2656 ut

498 2761 501 2767 ,
600 2703 721 2764 horum

67 2801 185 2867 Tertia
201 2822 276 2884 pars
290 2806 383 2868 nulla
395 2806 495 2888 possit
509 2805 637 2868 ratione
650 2807 766 2870 videri.

67 2909 203 2971 Horum
214 2909 406 2974 intestinum
421 2911 563 2992 quodvis
575 2897 672 2992 quale
684 2931 751 2974 esse
761 2913 946 2997 putandum
961 2913 1032 2978 est?

71 3012 167 3099 Quid
175 3015 283 3078 cordis
292 3015 427 3101 globus,
440 3025 496 3076 aut
509 3015 620 3076 oculi?
629 3014 710 3094 quid
720 3017 892 3078 membrai‘
909 3016 990 3095 quid

92 3116 95 3122 ¹
600 3121 713 3183 artus?

70 3226 244 3310 Quantula
260 3228 356 3291 sunt?
373 3228 453 3309 quid
462 3234 652 3313 praeterea,
665 3226 847 3310 primordia
861 3250 1029 3312 quaeque,
1141 3270 1148 3286 κ

69 3330 171 3391 Unde
185 3329 295 3392 anima
305 3342 405 3411 atque
414 3329 517 3394 animi
528 3341 653 3395 constet
665 3342 782 3396 natura
791 3355 959 3397 necessum
967 3344 1027 3416 est,

69 3437 192 3498 Nonne
200 3435 308 3517 vides,
320 3456 420 3516 quam
430 3437 495 3500 sint
504 3436 653 3518 subtilia,
666 3414 831 3522 quamque
841 3436 990 3499 minuta?

114 3527 301 3625 Praeterea,
318 3563 533 3623 quaecunque
550 3562 609 3604 suo
623 3545 663 3604 de
677 3563 815 3626 corpore
832 3545 968 3607 odorem
1007 3598 1009 3605 s

69 3649 249 3731 Exspirant
261 3669 383 3731 acrem,
403 3669 557 3732 panaces,
571 3649 734 3713 absinthia
748 3659 867 3734 taetra,

41 3802 44 3806 a
69 3752 305 3836 Abrotonique·
315 3774 447 3844 graves,
463 3765 495 3819 et
511 3753 616 3820 tristia
633 3761 826 3819 centaurea:
