2550 4726
152 313 192 377 ss
352 308 421 374 nr
445 309 635 372 aarum
660 304 909 371 urruns·
943 305 1080 388 aqu.

152 456 203 518 Ne
215 456 377 541 quaedam
393 452 497 541 cogas
508 452 646 515 immani
659 449 875 515 maxumitate
983 527 985 531 ,

152 559 246 623 Esse:
266 579 365 641 supra
376 559 471 638 quod
482 555 551 619 iam
562 553 662 617 docui
671 574 739 616 non
752 572 849 635 posse
860 551 1010 634 probari.

192 666 264 727 Iam
275 664 335 731 tihi
345 661 535 726 barbaricae
544 668 660 740 vestes,
680 656 910 735 Meliboeaque
921 656 1062 742 fulgens

151 767 323 848 Purpura,
329 763 516 827 Thessalico
525 764 729 825 concharum
746 759 847 823 tincta
861 762 991 842 colore,
1002 768 1036 822 et

151 871 275 952 Aurea,
285 889 454 953 pavonum
465 868 587 931 ridenti
597 866 725 931 imbuta
740 869 855 949 lepore

44 1010 48 1018 ·
151 976 267 1057 Pepla,
283 995 372 1039 novo
383 997 496 1040 rerum
508 970 664 1058 superata
677 976 808 1057 colore,
826 975 990 1039 iacerent:

152 1078 346 1140 Contemtus
354 1081 456 1151 sudor
469 1097 646 1160 smyrnae,
666 1076 843 1158 mellisque
853 1097 1011 1160 sapores;

152 1184 193 1246 Et
206 1204 331 1266 cyrnea
343 1186 447 1267 mele,
458 1187 703 1273 Phoebeaque,
714 1186 853 1249 daedah
866 1185 1021 1268 chordis,

152 1285 325 1377 Carmina,
339 1293 503 1359 consimili
518 1294 646 1358 ratione
664 1315 820 1379 oppressa
831 1295 987 1371 silerent;
1044 1336 1048 1341 -

152 1397 303 1480 Namque
317 1400 392 1465 aliis
404 1400 497 1464 aliud
511 1401 727 1484 praestantius
740 1409 945 1463 exoraretur.

194 1506 317 1583 Cedere
332 1504 412 1569 item
426 1514 516 1568 retro
530 1514 663 1587 possent
680 1503 723 1567 in
736 1502 917 1568 deteriores

154 1608 276 1673 Omnia
288 1609 335 1673 sie
344 1610 485 1693 parteis,
495 1620 532 1674 ut
547 1609 694 1672 diximus
709 1609 746 1672 in
762 1608 939 1671 meliores:

152 1715 305 1798 Namque
315 1714 389 1778 aliis
406 1715 499 1777 aliud
510 1724 598 1777 retro
608 1732 743 1793 quoque
750 1695 885 1775 taetrius
902 1719 986 1775 esset

153 1819 312 1902 Naribus,
325 1820 479 1903 aurihus,
488 1830 589 1902 atque
600 1819 725 1902 oeulis,
738 1818 872 1900 orisque
882 1815 1007 1900 sapori.

195 1928 288 2012 Quae
303 1927 461 2008 quoniam
475 1947 544 1991 non
557 1936 648 2009 sunt,
659 1926 743 2008 quin
758 1928 860 1991 rebus
866 1923 996 1988 reddita
1007 1929 1080 1988 ceth

152 2031 242 2096 Finis
253 2032 407 2114 utrinque
421 2043 508 2096 tenet
519 2053 701 2111 summam,
716 2033 839 2097 fateare
852 2051 983 2096 necesse
996 2039 1045 2094 est
1055 2031 1080 2093 52

153 2138 328 2201 Materiam
341 2161 473 2224 quoque
482 2139 584 2204 finitis
597 2137 729 2203 differre
743 2137 869 2226 figuris.

193 2244 347 2325 Denique
358 2245 543 2330 abignihns
557 2247 600 2307 ad
611 2246 738 2331 gelidas
751 2241 936 2322 hiemisque
944 2240 1080 2325 pruinas

153 2349 301 2412 Finitum
311 2360 375 2432 est,
388 2362 542 2433 retroque
555 2351 629 2434 pari
641 2351 768 2438 ratione
781 2369 972 2415 remensum
984 2359 1046 2412 est.

154 2455 273 2520 Omnis
283 2457 372 2521 enim
387 2460 493 2541 calor,
511 2478 553 2522 ac
565 2457 689 2544 frigus3
706 2456 875 2538 mediique
888 2465 1019 2537 tepores

64 2618 69 2627 .
153 2565 412 2644 interutrasque
425 2565 551 2648 iacent,
565 2569 733 2648 explentes
748 2564 1059 2629 ordinesummam.

150 2652 245 2752 vErgo
259 2664 353 2729 finita
367 2667 492 2731 distant
504 2668 635 2731 ratione
648 2676 777 2744 creata,

154 2769 302 2855 Ancipiti
318 2770 478 2852 quoniam
494 2790 653 2834 mucrone
671 2772 828 2852 utrinque
843 2778 1023 2855 notantur,

154 2872 244 2937 Hinc
256 2873 415 2958 flammis,
432 2874 528 2938 illinc
542 2874 660 2960 rigidis
675 2876 797 2941 insessa
809 2874 949 2960 pruinis.

197 2977 297 3060 Quod
306 2976 464 3058 quoniam
474 2979 727 3068 docuipergam
738 2990 1019 3061 connectererem,
1029 3000 1080 3061 qur

156 3084 206 3146 Ex
214 3084 279 3146 hoc
293 3093 369 3167 apta
385 3081 486 3147 fidem
498 3083 607 3151 ducit:
624 3083 809 3166 primordia
821 3105 956 3166 rerum,

154 3191 248 3253 luter
259 3211 294 3253 se
307 3188 409 3279 simili
424 3201 602 3270 quae-sum
613 3192 758 3275 perfecta
768 3189 894 3276 figura,

155 3296 291 3362 Infinita
309 3299 435 3361 cluere:
456 3300 579 3363 etenim
598 3301 752 3365 distantia
765 3324 870 3385 quom
880 3305 924 3370 sit

155 3406 351 3466 Formarum
359 3400 473 3486 finita,
492 3415 699 3490 necesseest,
717 3427 802 3490 quae
813 3411 938 3478 similes
953 3410 1040 3496 sint,

156 3515 235 3579 Esse
249 3512 415 3593 infinitam
431 3523 489 3579 aut
502 3535 667 3595 summam
679 3517 831 3584 materiai

156 3622 299 3689 Finitam
313 3633 478 3691 constaret
499 3624 535 3687 id
545 3626 636 3706 quod
648 3642 717 3700 uon
731 3648 799 3693 esse
816 3627 969 3712 probari.

76 3719 79 3725 “
197 3723 296 3806 Quod
304 3722 687 3831 quoniamdooui,nunc
695 3728 913 3813 suauiloquis,
919 3749 991 3825 age,
1000 3749 1080 3814 peut
