2550 4726
261 314 350 410 x‘xx
447 332 700 438 nomm
727 319 1040 410 crusinam

209 509 212 515 ’
263 493 341 559 1626
380 494 581 556 Amsrrlrdarai.
601 513 648 570 24·
813 538 816 545 .

263 574 341 653 1627
383 577 500 639 Genesar
510 597 538 651 4.
548 573 579 636 in
588 572 730 658 Corpore
741 571 902 638 Pob'tarum
916 574 1093 638 Latinorum
1104 577 1153 642 ed.
1165 573 1220 644 m.

264 655 337 738 1631
381 656 419 730 Τ.
437 656 570 720 Lucretii
586 654 658 718 Cari
670 656 708 719 de
724 674 825 718 rerum
836 675 942 718 natura
956 656 1024 718 libri
1040 674 1111 732 ser,
1136 663 1222 725 notis

281 813 285 818 Ι
379 735 572 800 Brevioribus
586 755 625 798 ex
635 736 703 820 ipso
716 738 905 832 potissimum
919 755 1047 801 auctore
1064 742 1223 805 succincte

380 834 413 881 et
463 818 581 900 rspicue
591 816 746 880 illustrati:
766 836 836 880 cum
852 819 969 893 lexico,
983 819 1048 882 sive
1058 820 1156 883 indice
1166 823 1223 899 ab·

380 919 416 961 so
427 899 563 961 utissimo
574 900 710 960 omnium
725 898 772 960 ele
792 900 940 963 antiarum
951 899 1218 980 Lucretianarum,

380 998 454 1042 cura
473 995 505 1041 et
520 977 625 1042 labore
636 978 762 1041 Danielis
772 918 862 1042 larci.
881 980 1086 1043 Accesserant
1098 980 1223 1067 Scipio-

381 1061 429 1122 nis
444 1060 558 1202 Capicii
570 1058 608 1121 de
621 1060 776 1202 principiis
789 1078 889 1124 rerum
904 1060 970 1122 libri
981 1060 1065 1123 duo:
1087 1081 1144 1125 nec
1157 1068 1226 1128 nori

381 1141 475 1203 Aonii
515 1141 616 1204 alearii
635 1142 719 1204 Veru
731 1143 780 1203 ani
800 1141 838 1204 de
851 1142 1021 1204 animorum
1039 1145 1222 1208 immortali·

380 1237 443 1284 tate
454 1222 521 1285 libri
535 1236 605 1285 tres.
624 1220 810 1299 Francafurti,
824 1223 858 1285 im
877 1225 942 1284 casis
958 1223 1034 1284 Guil.
1044 1225 1144 1307 Firperi
1153 1271 1161 1296 ,
1182 1227 1224 1288 li-

380 1305 460 1365 brarii
483 1303 577 1385 Angli.
596 1302 626 1366 8.
641 1302 796 1368 2v01l-
813 1247 895 1379 Nili
899 1302 1060 1445 praefatus
1074 1324 1135 1367 non
1151 1306 1223 1369 lau-

383 1384 433 1446 dat
451 1385 619 1468 praesidia,
642 1385 752 1467 quibus
769 1383 864 1447 fultus
879 1404 897 1446 a
932 1383 1106 1447 Lucretium
1122 1388 1222 1450 eden-

271 1526 275 1532 .
381 1467 453 1528 dum
475 1466 651 1548 accesserim
676 1464 773 1528 noluit
790 1484 884 1540 vero,
907 1464 1120 1529 utCreecbius
1135 1486 1221 1531 recte

381 1548 420 1609 de
434 1566 474 1608 eo
492 1547 621 1620 iudicat,
645 1545 766 1607 chartae
789 1547 940 1628 periturae
961 1547 1223 1629 parcere.·Testi-

381 1628 485 1691 monia
498 1627 536 1690 de
546 1627 689 1689 Lucretio
705 1626 828 1711 implent
839 1626 940 1709 plures
950 1627 1108 1722 plagellas,
1119 1646 1138 1688 a
1150 1649 1219 1714 pag.

382 1726 505 1792 29-73.
523 1707 744 1770 Annotariones
757 1726 861 1791 parum
872 1707 976 1771 valent
990 1726 1047 1769 nec
1057 1710 1093 1769 ad
1111 1728 1222 1775 sensus

382 1789 640 1871 perspicientiam,
655 1807 711 1850 nec
722 1789 910 1851 adlectionis
922 1786 1225 1873 veritatemlndex,

383 1871 436 1952 qui
450 1869 574 1931 alterum
595 1871 741 1941 volumen
755 1870 866 1943 efficit,
884 1889 1066 1951 quamquam
1084 1870 1224 1932 arolela-

382 1953 471 2014 borat
481 1968 511 2012 et
525 1969 615 2033 saepe
629 1969 729 2031 nugax
739 1966 803 2025 est,
815 1951 909 2011 multa
918 1966 1018 2012 tamen
1031 1951 1123 2012 habet
1133 1971 1223 2034 egre·

404 2032 448 2108 ἐι,
465 2051 595 2116 quorum
613 2032 731 2113 quidem
752 2031 864 2094 bonam
883 2050 999 2113 partem
1015 2031 1173 2098 Lambinus
1185 2049 1223 2098 et

381 2052 521 2176 giranus
535 2114 593 2176 sibi
603 2129 728 2195 possunt
738 2111 903 2176 vindicare.

263 2196 583 2278 a--7Arrrstrlodarni
598 2216 646 2270 24·
655 2197 727 2276 apud
741 2197 864 2256 Ianssorr.

266 2280 343 2360 1647
384 2275 424 2337 T.
443 2275 575 2337 Lucretii
588 2275 658 2336 Cari
679 2277 716 2336 de
736 2294 835 2336 rerum
859 2292 967 2336 natura
986 2274 1054 2337 libri
1070 2293 1140 2350 sex,
1157 2295 1222 2340 una

384 2375 454 2419 cum
472 2356 694 2439 paraphrastica
707 2355 916 2437 explanatione
931 2373 963 2417 et
977 2357 1223 2421 animadversio·

383 2436 471 2499 nibus
489 2437 533 2498 Io.
551 2436 661 2499 Narrlr'i.
684 2435 851 2509 Florentiae,
869 2437 941 2520 typis
957 2440 1092 2501 Amatoris
1107 2440 1223 2502 Marsae

385 2517 555 2582 Forolivieas.
567 2539 597 2592 4.
615 2536 685 2580 cum
699 2535 812 2587 novem
827 2519 937 2581 tabulis
952 2519 1059 2581 aeneis.
1067 2552 1112 2578 -.
1130 2517 1224 2586 Parvi

383 2599 559 2664 aestimatur
572 2599 648 2660 haec
664 2601 774 2667 editio:
797 2598 1118 2681 atqueCreechiusp'n
1131 2618 1223 2681 pme-

383 2677 499 2741 satione
509 2678 656 2742 Nardium
672 2681 807 2742 severius
824 2697 918 2741 vocat
934 2680 1158 2762 sexagenarium
1171 2681 1224 2743 in·

383 2777 547 2842 terpretern
568 2759 607 2822 de
625 2776 719 2844 ponte
739 2760 949 2822 deiiciendum.
974 2762 1221 2826 Commentarius

384 2842 480 2902 verba
491 2842 713 2925 opinionesque
723 2841 855 2904 Lucretii
868 2841 1131 2904 observationibus
1140 2843 1223 2925 phy·

385 2923 453 2985 sicis
467 2924 586 3004 potius,
596 2943 688 3006 quam
698 2922 887 3068 philologieis
901 2921 1038 2984 illustrat.

267 3006 345 3087 1650
385 3005 507 3066 Parisiis.
522 3005 552 3068 8.
569 3025 638 3068 cum
654 3005 808 3070 versionev
836 3003 921 3066 allica
935 3005 1013 3064 Miri
1036 3005 1067 3064 de
1076 3005 1222 3074 Marolles.

268 3087 345 3172 1656
385 3083 424 3148 T.
444 3086 579 3150 Lucretii
598 3085 669 3150 Cari
684 3089 725 3148 ‹le
746 3105 845 3149 rerum
866 3104 973 3148 natura
993 3083 1068 3147 liber
1084 3086 1221 3166 primus,

385 3186 455 3229 cum
467 3167 601 3230 eiusdem
613 3166 807 3229 translatione
824 3168 974 3228 inversus
985 3165 1144 3246 Anglicos,
1161 3166 1221 3227 atl-
1251 3196 1255 3201 <

386 3247 472 3310 lectis
482 3247 807 3319 animadversionibus,
826 3261 953 3309 auctore
964 3246 1004 3306 lo.
1017 3249 1137 3328 Evclyn,
1146 3247 1223 3310 Loa-

385 3330 460 3400 dini,
474 3330 548 3410 apud
565 3331 647 3392 Galr.
661 3329 749 3389 Bedlr.
764 3326 793 3389 8.
967 3378 969 3384 .
1191 3387 1193 3391 ,

269 3407 347 3474 1660
386 3408 425 3470 T.
434 3408 567 3470 Lucretii
582 3408 701 3472 Caride
713 3426 813 3470 rerum
824 3422 931 3470 natura
942 3405 1008 3471 libri
1019 3426 1093 3484 sex,
1109 3396 1222 3473 additis

388 3490 573 3553 coniecturis
593 3505 625 3551 et
648 3489 907 3566 emendationibus
931 3492 1090 3570 Tranquilli
1113 3490 1218 3564 Fabri,

387 3591 458 3635 cum
475 3571 557 3633 notis
568 3572 729 3654 perpetuis.
737 3571 882 3642 Salaurii,
894 3575 967 3651 apud
978 3571 1019 3632 Io.
1033 3571 1176 3631 hrenum.
1187 3593 1220 3643 4.

386 3686 428 3703 -
441 3653 617 3715 Notaesunt
629 3652 763 3714 eruditae
771 3673 782 3726 3
791 3651 844 3712 sed
852 3651 890 3713 de
900 3650 1041 3733 ingenio,
1053 3667 1138 3713 more
1147 3670 1220 3728 suo,

388 3733 560 3796 Lucretium
576 3732 747 3795 emendavit
761 3732 886 3794 Faberjr

272 3815 346 3900 ¹⁶75
388 3813 427 3879 T.
440 3813 574 3879 Lucretii
591 3814 664 3880 Cari
678 3816 717 3876 de
736 3833 837 3885 rerum
852 3829 962 3878 natura
977 3812 1045 3877 libri
1061 3831 1130 3880 ser:
1146 3809 1220 3896 qui-
