2572 4732
323 342 837 461 LIBEaplvserasw
978 351 1036 416 125

10 462 13 497 Ε
82 494 123 562 Et
133 499 280 583 quamvis
291 501 400 565 subito
408 499 549 584 ,quovis
563 499 599 562 in
613 508 959 587 tempore5quamque
988 512 994 525 '

82 601 161 668 Rem
172 615 286 671 eontra
297 608 468 690 speculum
481 626 601 691 ponas,
619 615 756 690 apparet
775 604 906 695 imago:

79 705 239 795 Perpetuo
255 715 356 776 fluere
370 722 563 778 utnoscase
581 732 721 798 corpore
736 735 867 781 summo
924 719 928 733 “
973 773 975 778 .
1014 741 1019 749 ·

82 809 235 881 Texturas
246 838 357 880 rerum
374 817 520 901 tenueis,
539 820 731 900 tenueisque
742 817 873 905 figuras.

84 914 163 1009 Ergo
173 923 278 985 multa
294 920 388 986 brevi
402 921 507 1004 spatio
525 921 702 984 simulacra
715 931 893 1006 geruntur,
964 908 1054 1043 ο*

58 1054 61 1059 “
85 1021 126 1086 Ut
142 1029 257 1092 merito
271 1031 359 1092 celer
375 1028 426 1092 his
441 1029 539 1090 rebus
556 1028 687 1093 dicatur
705 1027 812 1114 origo.

86 1123 122 1190 Et
136 1133 225 1215 quasi
237 1135 342 1196 multa
355 1132 450 1196 brevi
462 1131 568 1214 spatio
584 1132 789 1195 summittere
807 1133 905 1197 debet

88 1227 218 1299 Lumina
230 1237 298 1316 sol,
309 1245 347 1298 ut
358 1245 519 1319 perpetuo
531 1235 598 1298 sint
609 1234 723 1296 omnia
736 1236 851 1317 plena:

32 1390 41 1399 .
87 1334 161 1403 sica
174 1343 272 1405 rebus
284 1341 364 1404 item
373 1339 476 1404 simili
489 1338 617 1403 ratione
631 1360 761 1429 neeesse
778 1350 826 1403 est

87 1434 249 1528 Temporis
264 1445 301 1507 in
313 1455 437 1528 puncto
452 1465 565 1509 rorum
582 1445 759 1508 simulacra
771 1445 921 1509 ferantur

83 1541 183 1615 Multa
194 1552 302 1615 modis
321 1552 433 1615 multis
447 1551 484 1615 in
498 1561 631 1615 cunctas
648 1550 795 1633 undique
807 1553 948 1637 parteis:
1038 1610 1046 1623 ,
1165 1528 1178 1537 “

81 1649 550 1744 Quandoquidem,speoulum
561 1678 761 1746 quoeunque
770 1660 974 1728 obvertimus

604 1766 690 1852 oris,
782 1823 786 1833 .

73 1859 141 1936 Res
151 1870 201 1936 ibi
213 1875 414 1957 respondent
425 1871 526 1938 simili
537 1873 644 1934 forma
659 1882 757 1953 atque
775 1875 895 1938 colore.

10 1998 13 2007 ·
112 1976 304 2058 Psaeterea,
322 1980 422 2040 modo
435 1970 538 2056 quom
549 1975 655 2036 fuerit
663 1973 888 2053 liquidissima·
896 1978 980 2042 coeli

14 2124 17 2129 -
68 2069 283 2168 Tempestas,
300 2103 461 2166 perquam
477 2080 588 2144 subito
601 2077 638 2141 fit
653 2079 784 2140 turbida
798 2079 895 2143 foede
978 2103 1036 2162 r7o

66 2171 244 2269 Undique,
264 2185 315 2257 uti
329 2187 480 2263 tenebras
494 2181 622 2247 omneis
636 2184 830 2245 Acherunta·
839 2183 941 2249 rearis
1024 2221 1029 2232 ·

60 2276 240 2375 liquisse,
255 2299 288 2355 et
301 2312 437 2380 magnas
451 2291 536 2356 coeli
552 2291 732 2373 complesse
751 2308 919 2355 cavernas.
950 2319 952 2323 ,

31 2427 34 2432 ·
61 2378 187 2477 Uoque
203 2398 304 2477 adeo,
321 2406 422 2458 taetra
438 2394 629 2457 nimborum
646 2402 743 2456 noete
756 2404 883 2476 coorta,

55 2481 274 2582 Impendent
284 2510 373 2562 atrae
385 2497 584 2564 Formidinis
596 2516 655 2560 ora
667 2518 819 2581 superne.

39 2671 42 2675 ,
55 2588 230 2677 Quorum
241 2604 401 2684 quantula
415 2622 491 2685 pars
504 2602 547 2667 sit
560 2604 691 2691 imago,
703 2604 813 2670 dicere
828 2624 928 2669 nemo
940 2613 989 2670 est

55 2693 147 2783 Qui
154 2709 273 2796 possit,
289 2730 397 2791 neque
413 2727 486 2774 eam
502 2709 666 2774 rationem
678 2712 817 2774 reddere
834 2709 938 2788 dietis.

121 2814 214 2877 Nune
229 2834 307 2902 age,
320 2835 420 2898 quam
430 2817 530 2880 celeri
542 2822 636 2878 motu
652 2815 829 2879 simulacra
840 2817 1003 2900 ferantur,

48 2897 122 2980 ΕΙ
134 2940 219 3002 qrrae
232 2922 400 2986 mobilitas
414 2922 509 3004 ollis,
528 2921 740 3016 tranantibus,
750 2941 866 3003 auras,

46 3001 221 3089 Reddita
230 3027 287 3110 sit,
303 3029 405 3114 longo
420 3028 527 3109 spatio
543 3037 580 3089 ut
593 3027 703 3092 brevis
718 3014 957 3109 hora'teratur,

43 3099 123 3187 111
132 3127 396 3217 quem‘quaeque
409 3131 520 3193 locum
534 3127 667 3192 divorso
680 3127 818 3190 numine
836 3129 994 3210 tendunt,
1055 3144 1061 3157 ·

44 3213 262 3299 suavidicis
277 3226 521 3318 potiusquam
537 3231 668 3314 multis,
686 3231 837 3295 versibus
850 3234 968 3295 edam:
1000 3259 1002 3263 ·
1086 3275 1090 3281 -

43 3316 204 3405 ¹Parvus
214 3350 252 3403 ut
262 3350 310 3404 est
319 3338 417 3423 cycni
425 3339 544 3403 melior
557 3356 671 3420 canor,
689 3338 747 3401 ille
756 3348 878 3424 gruum
889 3355 992 3418 quam

48 3426 230 3529 Clamor,
242 3446 279 3510 in
293 3446 446 3511 aetheriis
456 3445 620 3529 dispersus
632 3445 778 3508 nubibus
790 3445 912 3507 Austri.

123 3549 305 3633 Principio,
324 3568 479 3634 persaepe
490 3549 783 3633 leveisres,atque
795 3546 933 3610 minutis
1005 3543 1008 3549 “

55 3641 283 3743 Corporibus
292 3658 441 3740 stanteis,
454 3657 587 3722 eelereis
604 3658 682 3721 licet
699 3677 768 3720 esse
783 3654 907 3719 videre.

54 3741 125 3826 111
134 3788 199 3851 quo
210 3756 277 3832 iani
291 3787 411 3856 genere
420 3777 468 3835 est
478 3765 557 3863 solis
568 3767 643 3853 lup,
661 3775 695 3832 et
707 3783 812 3848 vapor
827 3762 914 3843 eius3
