2550 4726
160 357 220 424 244
367 336 646 404 ltu-RERUM
673 338 889 403 NATURA
959 342 1075 427 mpii

157 488 291 576 Quippe
300 481 424 548 etenim
433 480 520 545 varii
531 499 645 546 sensus
654 480 879 547 animantibus
894 481 1028 568 insunt,
1130 477 1132 481 ’

157 601 310 683 Quorum
323 588 462 672 quisque
475 606 569 651 suam
579 585 715 670 proprie
727 607 799 649 rem
814 585 1005 677 percipitin
1016 608 1060 657 sc.

157 709 242 770 Nam
253 705 426 783 penetrare
438 690 506 756 alio
519 691 664 774 sonitus,
677 691 810 774 alioque
821 711 978 778 saporem

158 803 332 872 Cernimus
343 795 490 881 esuocis,
508 795 576 860 alio
591 796 718 862 nidoris
732 798 861 862 odores.
1145 772 1149 868 i

94 978 97 985 .
156 922 328 984 Pmeterea
338 930 473 974 manare
488 907 581 973 aliud
592 931 654 994 per
663 929 742 974 saxa
752 909 902 994 videtur,

156 1025 262 1105 Atque
275 1017 367 1082 aliud
382 1014 500 1103 lignis,
513 1013 607 1077 aliud
617 1014 755 1078 transire
765 1022 827 1098 per
836 1034 978 1097 aurum,

155 1131 367 1214 Argentoque
378 1120 467 1185 forus
479 1117 588 1201 aliud,
598 1117 768 1203 vitroque,
780 1139 909 1200 meare,

154 1239 264 1322 (Nam
274 1236 376 1297 fluere
388 1232 452 1294 hac
462 1227 600 1314 species,
613 1228 691 1293 illac
703 1231 793 1292 calor
803 1227 871 1310 ire,
883 1227 1041 1317 videtur)

153 1344 262 1423 Atque
275 1337 350 1402 aliis
359 1335 452 1399 aliud
466 1335 562 1398 citius
574 1334 755 1398 tramittere
764 1336 891 1399 eadem.

66 1501 69 1507 .
153 1444 284 1510 Scilicet
293 1443 330 1505 id
344 1438 418 1505 fieri
429 1439 517 1528 cogit
531 1438 792 1503 naturaviarum
800 1486 810 1523 ,
1099 1506 1119 1530 ι,

152 1547 359 1617 Multimodis
368 1544 515 1628 varians,
529 1554 567 1610 ut
579 1547 695 1630 paullo
709 1543 914 1610 ostendimus
925 1551 1021 1631 ante,

151 1657 291 1737 Propter
301 1648 495 1714 dissimilem
509 1658 663 1713 naturam
676 1657 830 1730 textaque
839 1670 965 1714 rerum.

192 1761 416 1844 Quapropter,
422 1755 510 1816 hene
519 1752 579 1815 ubi
586 1755 680 1837 haec,
688 1751 883 1819 confirmata
889 1761 991 1835 atque
999 1751 1108 1835 locale,

151 1859 277 1926 Omnia
289 1855 510 1938 constiterint,
526 1856 623 1922 nobis
637 1866 830 1942 praeposta,
844 1863 977 1940 parata3

150 1962 252 2048 Quod
264 1970 428 2045 superest,
442 1958 629 2024 facilehinc
641 1961 726 2025 ratio
739 1962 915 2044 reddetur,
927 1968 962 2025 et
976 1959 1081 2025 omnio

149 2072 258 2135 crura
268 2065 416 2153 patefiet,
430 2084 515 2148 quae
525 2066 606 2130 ferri
615 2066 772 2151 pellicent
782 2067 863 2130 vim.
1041 2086 1108 2131 rouo

191 2170 382 2254 Principio,
391 2171 494 2234 fluere
504 2190 522 2234 e
532 2170 645 2255 lapide
654 2172 719 2236 hoc
729 2171 896 2255 permulta
909 2192 1042 2241 neoeme
1052 2166 1095 2240 est

150 2277 285 2344 Semina
294 2324 304 2361 ,
313 2276 384 2342 sive
393 2283 538 2360 aestum,
549 2275 609 2358 qui
624 2274 755 2340 discutit
764 2278 842 2340 a'e‘ra
854 2275 982 2363 plagis,

149 2386 241 2447 Inter
254 2384 313 2465 qui
327 2382 474 2467 lapidem
483 2384 676 2464 ferrumque
689 2391 735 2446 est
746 2403 878 2464 cunque
892 2384 1031 2452 locatus

147 2482 224 2550 Hoc
234 2487 295 2550 ubi
303 2485 453 2550 inanitur
469 2485 628 2570 spatium,
645 2487 834 2568 multusque
844 2486 969 2555 vacefit

149 2592 190 2653 In
203 2589 316 2655 medio
325 2592 435 2661 locust
451 2593 618 2674 extemplo
631 2577 816 2675 primordia
825 2593 907 2656 ferri

148 2696 190 2760 In
202 2714 344 2758 vacuum
358 2696 514 2779 prolapsa
529 2697 652 2758 cadunt
664 2697 857 2781 coniuncta,
869 2695 907 2761 fit
920 2707 1023 2783 utque

38 2836 43 2841 -
149 2801 301 2866 Annulus
310 2799 381 2885 ipse
394 2810 569 2882 sequatur,
582 2811 700 2883 eatque
710 2802 757 2865 ita
768 2824 908 2889 corpore
918 2815 1000 2871 toto.

148 2911 217 2970 Nec
232 2926 284 2970 res
295 2908 366 2970 ulla
377 2904 496 2994 magis,
511 2906 713 2990 primoribus
723 2931 763 2973 ex
773 2914 947 2986 elementis

147 3010 348 3093 Indupedita
364 3010 450 3091 suis,
461 3020 551 3074 arcte
568 3030 719 3075 connexa
734 3014 905 3099 cohaeret,

149 3119 259 3202 Quam
269 3115 373 3179 validi
389 3114 471 3177 ferri
480 3126 617 3178 naturae
627 3115 769 3203 frigidus
783 3121 914 3185 horror.

74 3254 80 3264 -
149 3227 226 3310 Quo
241 3224 352 3286 minus
369 3231 418 3285 est
435 3222 577 3306 mirum,
592 3225 683 3305 quod
698 3224 837 3311 dicitur,
850 3251 891 3293 ex
904 3231 1071 3304 elementis

150 3331 299 3411 Corpora
304 3328 337 3392 'si
349 3323 536 3410 nequeunt,
546 3330 588 3392 de
600 3329 707 3392 ferrro
722 3333 821 3413 plura
835 3347 967 3423 coorta,

147 3433 189 3495 In
198 3453 343 3497 vacuum
354 3433 450 3516 ferri,
464 3433 547 3515 quin
562 3438 705 3500 annulus
715 3435 787 3522 ipse
795 3454 974 3523 sequatur:

149 3541 249 3624 Quod
259 3539 350 3619 facit;
362 3549 394 3604 et
404 3538 565 3624 sequitur,
579 3543 686 3606 donec
696 3548 847 3628 peruenit
858 3551 1023 3636 adipsum

147 3645 220 3706 Iam
233 3646 397 3729 lapidem,
412 3647 578 3727 caecisque
593 3647 631 3712 in
643 3670 681 3713 eo
693 3654 910 3742 compagibus
925 3661 1039 3729 haesit.

151 3749 226 3812 Hoc
240 3748 277 3817 fit
287 3750 368 3816 item
382 3753 560 3840 cunctasin
568 3754 706 3839 parteis5
717 3761 805 3826 unde
814 3761 933 3831 vaoefit
