2550 4726
221 337 224 345 Ι
259 366 316 427 116
452 359 519 467 Dii
542 310 733 459 nultum
758 357 980 449 NATURA
1030 370 1062 416 v.
1089 356 1182 432 ¹04⁵·

255 506 296 568 Et
314 500 485 567 contemsit
502 499 615 583 equis,
636 497 815 579 insultans,
833 516 1005 560 murmura
1019 495 1134 581 ponti;

255 610 397 676 Lumine
413 610 560 690 ademto,
576 605 723 671 animam
739 603 940 666 moribundo
959 623 1099 687 corpore
1117 603 1223 669 fudit.

294 715 477 799 Scipiades,
490 710 571 776 belli
590 711 735 792 fulmen,
754 707 963 797 Carthaginis
975 710 1111 791 horror,

255 823 337 887 Ossa
350 821 440 886 dedit
456 831 576 900 terrae,
588 817 729 902 proinde
746 836 786 879 ac
802 815 908 879 famul
925 813 1060 881 infimus
1074 824 1175 883 essct.

292 928 386 989 Adde
401 934 583 1007 repertores
600 919 825 1004 doctrinarum
842 928 947 1009 atque
962 921 1137 1003 leporum

251 1033 344 1097 Adde
351 1028 607 1093 Heliconiadum
616 1025 766 1106 comites;
780 1044 922 1108 quorum
933 1046 1019 1089 unus
1027 1029 1222 1114 Homerus,

250 1142 383 1224 Sceptra
403 1137 543 1224 potitus,
563 1139 677 1201 eadem
690 1134 763 1199 aliis
778 1132 1022 1217 sopitu'quiete
1038 1144 1097 1200 est.

289 1243 442 1326 Denique
461 1242 689 1307 Democritum
706 1250 881 1324 postquam
901 1248 1031 1303 matura
1049 1249 1201 1312 vetustas

249 1350 431 1414 Admonuit
448 1344 612 1412 memores
623 1356 732 1411 motus
748 1348 959 1432 languescere
978 1345 1124 1431 mentia,

211 1429 220 1448 ⁸
248 1458 373 1542 Sponte
383 1476 442 1520 sua
457 1457 525 1519 leto
544 1462 643 1538 caput
655 1451 773 1517 obvius
790 1451 912 1515 obtulit
928 1451 1010 1535 ipse.

289 1564 363 1646 Ipse
378 1561 539 1645 Epicurus
555 1552 646 1641 obit,
667 1560 806 1623 decurso
821 1555 950 1621 lumine
966 1556 1071 1641 vitae,

250 1667 318 1752 Qui
328 1687 432 1752 genus
449 1669 634 1729 humanum
650 1663 786 1750 ingenio
801 1663 986 1748 superavit,
1001 1673 1035 1729 et
1050 1667 1188 1735 omneis

248 1771 429 1854 Restinxit,
446 1771 555 1834 stellas
573 1778 706 1832 exortus
720 1767 769 1832 uti
787 1770 896 1833 uerius
915 1772 976 1835 sol.

289 1875 340 1935 Tu
353 1892 432 1935 vero
446 1854 626 1952 dubitabis,
642 1880 676 1934 et
688 1871 924 1959 indignabere,
938 1871 1048 1957 obire,

248 1981 379 2066 Mortua
399 1976 480 2058 quoi
493 1976 562 2039 vita
575 1985 623 2039 est
637 1993 743 2057 prope
756 1976 825 2041 iam
837 1974 917 2039 vivo
929 1985 1029 2056 etque
1041 1974 1200 2049 ridenti?
1215 2025 1218 2029 -

248 2085 316 2174 Qui
328 2104 446 2152 somno
462 2095 590 2169 partem
602 2084 763 2148 maiorem
780 2083 922 2149 conteris
936 2083 1032 2164 aevi3
1134 2091 1221 2153 1060

247 2195 288 2259 Et
305 2193 447 2280 vigilans
457 2191 582 2273 stertis,
600 2211 661 2254 nec
676 2189 806 2253 somnia
823 2209 958 2255 cernere
972 2182 1111 2275 cesses,
1224 2252 1228 2260 .

217 2288 219 2293 ’
246 2292 591 2383 Sollicitamquegeris
607 2313 697 2357 cassa
715 2293 896 2356 formidine
914 2304 1082 2376 mentem

248 2402 316 2465 Nec
328 2400 474 2487 reperire
490 2410 601 2483 potes,
617 2398 699 2480 quid
713 2399 755 2461 sit
771 2397 833 2461 tibi
846 2418 943 2484 saepe
961 2401 1059 2484 mali,
1074 2422 1187 2484 quom

248 2506 367 2570 Ebrius
384 2504 512 2591 urgeris
527 2504 640 2569 multis
652 2505 752 2568 miser
767 2504 916 2585 undique
929 2507 1034 2589 curis,

247 2612 371 2690 Atque,
386 2607 499 2669 animo
513 2606 639 2669 incerto
657 2607 808 2688 fluitans,
822 2627 934 2672 errore
946 2611 1100 2698 vagaris?
1168 2667 1172 2672 ,

288 2711 323 2775 si
331 2717 464 2794 possent
473 2707 638 2789 homines,
652 2707 792 2790 proinde
804 2730 842 2772 ac
855 2709 977 2773 sentire
991 2711 1154 2780 videntur

166 2840 170 2851 =
248 2815 381 2876 Pondus
393 2800 499 2873 inesse
515 2793 636 2891 inimo3
647 2813 739 2892 quod
749 2833 783 2875 se
796 2812 957 2897 gravitate
970 2815 1104 2903 fatiget,

248 2917 408 2999 Equibus
424 2916 461 2979 id
475 2915 533 2981 fiat
548 2919 654 2984 causis
670 2941 801 3002 quoquc
817 2943 968 3006 noscere,
984 2935 1017 2988 et
1036 2930 1131 2993 unde

246 3023 353 3084 Tanta
366 3021 447 3084 mali
461 3033 617 3105 tanquam
630 3029 735 3090 moles
747 3027 782 3089 in
797 3039 928 3110 pectore
944 3042 1086 3115 constet3

247 3130 346 3192 Haud
356 3127 515 3206 itaritam
528 3141 678 3216 agerent,
692 3143 728 3194 ut
738 3155 826 3195 nunc
833 3136 1030 3217 plerumque
1038 3122 1218 3209 ridemust

247 3234 337 3320 Quid
347 3233 412 3298 sibi
426 3234 564 3315 quisque
577 3237 673 3319 velit,
687 3236 828 3319 nescire,
847 3249 880 3301 et
890 3260 1048 3321 quaerere
1060 3261 1220 3331 semper-3

247 3343 458 3407 Commetare
473 3342 602 3423 locum,
617 3343 712 3422 quasi
726 3362 810 3407 onus
822 3347 990 3428 deponere
1000 3348 1117 3431 possit.

287 3446 362 3509 Exit
373 3464 471 3528 saepe
482 3446 570 3511 foras
583 3449 714 3536 magnis
729 3471 770 3533 er
782 3451 918 3516 aedibus
931 3453 1005 3536 ille,

244 3540 322 3608 Esse
332 3547 424 3609 domi
437 3540 535 3628 quem
548 3560 731 3632 pertaesum
744 3561 808 3634 est,
822 3551 1186 3642 subitoque-reventere

69 3652 71 3657 ’
192 3683 195 3688 ·
244 3646 377 3731 Quippe
388 3650 467 3717 foris
478 3653 586 3717 nihilo
601 3654 718 3718 melius
734 3654 793 3737 qui
808 3656 1015 3722 sentiatesse.

245 3751 373 3839 Currit,
389 3775 488 3842 agens
501 3781 659 3846 mannos,
677 3764 721 3826 ad
730 3762 846 3827 villam
857 3764 1139 3857 praecipitanter,
