2550 4726
163 366 220 413 ιιι
359 349 424 411 DE
452 349 643 411 RERUM
677 349 895 413 NATURA
953 350 1088 432 mpod.

199 495 272 556 Hoc
282 458 381 555 etiam
397 493 537 574 faciunt,
549 492 607 556 ubi
621 492 832 575 discubuere,
850 502 1030 581 tenentque

159 603 281 667 Pocula
297 592 574 683 saepe'homines,
583 609 617 677 et
630 598 822 663 inumbrant
838 618 896 662 ora
910 600 1063 684 corou'u,

159 706 208 768 Ex
222 704 335 793 animo
345 704 515 799 utdicant‚
528 702 663 765 »Brevis
674 702 729 767 hic
742 713 791 766 est
804 704 931 767 fructus
942 704 1102 771 homullis
1116 726 1127 771 t

158 814 252 874 „lem
263 810 379 883 fueritc
395 830 504 895 neque
516 818 591 893 post
604 831 754 891 unquam
766 830 922 873 avocare
937 810 1102 875 licebitl«.

158 918 331 999 Tanquam
340 916 377 979 in
389 926 495 979 morte
504 917 585 979 meli
596 916 788 1001 cumprimis
799 918 864 979 hoc
875 916 920 979 sit
931 935 1067 999 eorum,

159 1025 258 1109 Quod
269 1021 338 1086 sitis
354 1032 469 1085 exuret
482 1021 618 1113 miseros
632 1032 730 1103 atque
745 1020 839 1085 arida
854 1031 996 1101 torreat3

157 1129 318 1195 Aureliae
333 1128 452 1209 quoius
466 1127 667 1191 desiderium
683 1128 823 1193 insideat
839 1128 898 1191 rei.

157 1234 297 1301 Necsibi
309 1234 400 1297 enim
417 1225 592 1315 quisquam
610 1241 680 1295 tum
697 1246 733 1299 se
745 1233 914 1315 vitamque
927 1231 1081 1314 requiret,

158 1349 269 1431 Quom
283 1342 407 1426 puriter
420 1362 514 1403 mens
526 1350 558 1405 et
571 1360 689 1423 eorpus
702 1342 809 1426 sopita
821 1342 1015 1424 quiescunt3

112 1451 115 1461 '
156 1452 241 1514 Nam
255 1448 333 1512 licet
346 1456 517 1511 aeternum
529 1460 590 1528 per
603 1466 664 1509 nos
678 1447 726 1509 uic
739 1468 808 1511 csse
823 1466 999 1530 soporem:

157 1558 224 1619 Nec
235 1551 434 1618 desiderium
447 1550 553 1613 nostri
564 1570 626 1615 nos
640 1550 749 1637 attigit
763 1554 889 1615 ullum:

156 1663 197 1723 Et
204 1672 313 1723 tamen
324 1661 582 1740 haudquaquam
591 1668 720 1723 nostros
731 1668 811 1724 tunc
819 1660 877 1725 illa
887 1680 950 1743 per
959 1668 1049 1723 artus

155 1768 269 1851 Longe
281 1765 323 1826 ab
336 1762 500 1825 sensiferis
511 1761 695 1846 primordia
708 1763 857 1829 motibus
870 1774 1000 1842 errant3

157 1873 247 1958 Quin
260 1880 436 1954 conreptus
449 1874 551 1934 homo
563 1891 604 1932 eu
616 1890 733 1933 somrm
747 1893 782 1936 se
799 1872 937 1959 conligit
949 1872 1032 1955 ipse.

155 1978 263 2043 Multo
271 1975 372 2063 igitur
381 1982 521 2037 mortem
527 1974 637 2036 minus
644 1973 689 2034 ad
697 1992 759 2038 nos
767 1976 1031 2059 esscpumndum
1041 1980 1100 2055 αἱς

156 2083 190 2150 si
200 2084 309 2151 minus
321 2102 388 2145 esse
398 2089 519 2165 potest,
532 2099 631 2160 quem
640 2082 734 2161 quod
746 2080 830 2145 nihil
840 2100 910 2144 csse
920 2079 1083 2147 videmus.
1111 2164 1114 2171 Ι

35 2222 39 2227 -
154 2187 262 2251 Maior
278 2187 367 2251 enim
383 2189 497 2251 turbae
513 2185 670 2259 disiectus
682 2187 830 2249 materiai
1055 2202 1115 2273 941

156 2292 374 2374 Consequitur
386 2292 469 2368 leto;
487 2291 734 2371 necquicquam
748 2289 937 2378 expergitus
951 2296 1075 2373 exstat,

155 2402 287 2486 Frigida
297 2421 394 2482 quem
408 2402 509 2464 semel
521 2410 569 2462 est
578 2402 658 2463 vitai
673 2421 775 2484 pausa
790 2415 912 2465 secuta.

195 2510 362 2587 Denique,
379 2508 408 2570 si
420 2528 536 2571 vocem
549 2514 660 2571 r'erum
673 2520 792 2574 natura
802 2522 938 2595 repente

154 2612 275 2692 Mutat,
285 2621 316 2672 et
329 2615 391 2671 hoe
402 2611 527 2691 aliquoi
541 2611 688 2677 nostrdm
701 2615 748 2677 sic
760 2617 908 2699 increpet
920 2616 1008 2699 ipsa:

153 2742 172 2775 u
180 2715 269 2798 Quid
280 2716 341 2778 tibi
353 2726 523 2799 tantopere
533 2731 593 2799 est,
603 2723 765 2809 mortalis,
778 2728 869 2806 quod
878 2714 978 2790 nimis
990 2728 1107 2816 aegris

155 2848 172 2880 n
181 2822 338 2892 Luctibus
346 2824 519 2910 indulges?
531 2827 612 2908 quid
622 2840 761 2893 mortem
771 2834 952 2921 congemis,
962 2855 1004 2898 ac
1015 2836 1102 2903 fles?

154 2954 172 2985 n
180 2931 263 2990 Nam
275 2940 405 3016 gratum
423 2930 523 2995 fuerit
536 2934 596 2998 tibi
607 2936 673 2999 vita
690 2947 838 3003 anteacta
854 2941 1035 3027 priorque,

153 3036 217 3113 »Et
231 3055 298 3098 non
311 3037 436 3119 omnia,
448 3049 619 3121 pertusum
634 3054 787 3131 congesta
800 3045 894 3126 quasi
907 3046 943 3107 in
953 3066 1033 3129 vas,

152 3166 169 3199 n
179 3144 359 3204 Commoda
370 3144 568 3227 perfluxere,
579 3158 678 3227 atque
689 3147 819 3237 ingrata
832 3150 1008 3230 interiere;

152 3253 245 3312 nCur
255 3269 342 3329 non,
357 3261 393 3310 ut
409 3251 526 3331 plenus
542 3253 628 3315 vitae
646 3256 800 3338 conviva,
818 3257 966 3320 recedis?

151 3362 290 3440 „Aequo
301 3355 477 3436 animoque
488 3359 576 3441 capis
586 3380 749 3446 securam,
762 3368 877 3449 stulte,
889 3365 1064 3448 quierem?

150 3462 233 3526 „Sin
245 3481 296 3543 ea,
310 3480 393 3542 quae
406 3461 531 3523 fructus
542 3482 671 3545 cunque
682 3484 730 3548 es,
740 3467 867 3549 periere
883 3469 1043 3554 profuse,

151 3566 315 3648 „vitaque
324 3566 359 3629 in
370 3562 495 3630 offenso
505 3579 571 3647 est;
586 3592 645 3634 cur
657 3575 798 3656 amplius
808 3577 929 3638 addere
939 3576 1094 3664 quaeris,

151 3691 169 3727 n
178 3672 320 3735 Rursum
337 3676 427 3755 quod
443 3686 571 3759 pereat,
585 3677 680 3761 mali,
696 3689 729 3744 ct
741 3678 908 3769 ingratum
925 3682 1062 3751 occidat

816 3798 935 3846 omnes
