2572 4732
164 303 223 367 1⁵2
367 297 642 363 uanrruu
670 295 883 360 neruus
929 311 1079 377 mooe

115 500 121 519 ,
160 439 406 527 Magnaitidem
416 436 905 523 consummatumque,
918 424 1120 529 petuntque,

159 548 267 630 Reges
279 553 486 632 expugnent,
503 541 693 625 capiuntur,
706 538 833 623 proelia
849 537 1006 617 miscente

159 651 297 712 Tollunt
307 651 502 727 clamorem,
514 642 646 727 quesisi
656 643 848 731 iugulentur
858 640 996 707 ibidem.

160 753 259 818 Multi
271 754 476 841 depugnant,
491 748 698 839 gemitusque
708 747 879 813 doloribus
888 749 1011 829 edun13
1052 768 1056 777 ’

52 880 54 885 ·
160 860 201 922 Et
213 858 306 940 quasi
318 859 496 941 pantherae
508 876 638 936 morsu,
650 854 779 919 saevive
793 852 915 935 leonis,

161 966 378 1043 Mandanlur,
399 960 529 1045 magnis
545 958 746 1050 elamoribus
761 957 874 1023 omniu
888 955 1068 1041 complent

161 1069 260 1135 Multi
271 1070 312 1130 de
322 1067 452 1153 magnis
462 1087 523 1150 per
538 1086 689 1129 somnum
706 1066 1010 1148 rebu’loquuutur,
1096 1118 1100 1125 .

160 1176 356 1258 Indicioque
369 1176 422 1240 sui
435 1177 514 1240 lacti
531 1196 687 1259 persaepe
704 1174 808 1239 fuere.

160 1283 261 1350 Multi
274 1292 414 1347 mortem
430 1285 572 1347 obeunt:
585 1280 699 1364 multi,
715 1283 757 1344 da
772 1276 942 1345 montibus
952 1274 1030 1343 altis

162 1394 207 1455 Ut
221 1392 278 1473 qui
293 1391 508 1475 praecipitent
521 1392 566 1453 ad
582 1400 719 1469 terrem,
733 1407 872 1471 corpore
888 1396 957 1451 toto

162 1499 392 1577 Exterrentur5
407 1503 439 1556 et
449 1514 490 1557 ex
506 1511 641 1576 somno,
654 1489 748 1572 quasi
762 1487 1038 1575 mentibu’capti,

163 1604 229 1672 vix
242 1607 328 1667 adse
337 1605 495 1683 redeunt,
504 1598 646 1684 permoti
656 1598 803 1683 corporis
812 1608 913 1665 aestu.

202 1711 341 1769 Flumen
351 1707 446 1788 item,
456 1705 584 1788 sitiens,
597 1712 654 1769 rut
662 1706 786 1771 fontem
794 1716 931 1790 propter
939 1723 1119 1771 unrocum

164 1810 356 1892 Adsidet,et
367 1818 471 1873 totum
481 1831 585 1893 prope
593 1809 744 1877 faucibus
756 1820 896 1894 occupet
904 1830 1050 1875 amnem.

164 1912 244 1976 Puri
255 1932 352 1995 saepe
364 1914 475 1977 lacum
487 1924 639 1997 propter,
653 1934 704 1996 se,
716 1932 756 1977 ae
769 1914 857 1977 dolia
869 1924 980 1998 curta,

119 2004 123 2009 ’
164 2020 289 2082 Somno
303 2019 464 2101 devincti,
476 2021 614 2084 credunt
624 2021 783 2085 extollere
792 2028 930 2084 vestem:
985 2002 996 2023 ⁸
1043 2034 1117 2095 rou

164 2125 280 2188 Totius
295 2108 470 2191 humoresn
482 2136 646 2189 saccatum
664 2107 973 2209 corpori’fundunt3
1022 2172 1025 2177 -

165 2234 276 2317 Quom
287 2232 507 2315 Babylonica,
519 2231 697 2319 magnifico
711 2235 903 2316 splendore,
918 2234 1087 2321 rigantem

79 2352 119 2365 “”“
205 2337 309 2417 lum,
324 2338 444 2418 quibus
455 2338 568 2402 aetatis
578 2339 661 2403 fretu
673 2339 826 2423 primitus
837 2339 1067 2426 insinuantur,

165 2441 284 2510 semen
300 2442 359 2505 ubi
371 2441 443 2525 ipse
456 2442 525 2506 dies
535 2442 692 2517 membris
705 2453 833 2509 matura
843 2445 986 2526 uetuit,

166 2547 378 2609 Conveniunt
390 2548 566 2619 simulacra
583 2548 663 2613 foris
680 2569 698 2611 c
713 2569 851 2633 corpore
862 2568 1012 2633 quoquc,
1105 2586 1108 2591 ·

165 2648 288 2713 Nuntia
301 2638 463 2731 praeciari
477 2651 584 2713 voltus
599 2651 795 2734 pulchrique
810 2653 947 2734 coloris,

167 2749 234 2834 Qui
248 2749 310 2812 ciet
323 2748 456 2815 irritans
473 2752 546 2814 loca
563 2752 695 2840 turgida
709 2755 834 2845 seutiae
848 2758 972 2834 mult03
992 2822 997 2832 ⁴

149 2879 151 2882 ⁴
167 2860 225 2939 Ut,
241 2859 334 2941 quasi
345 2861 513 2925 transactis
528 2881 626 2949 saepe
637 2866 892 2947 omnibu’rebu',
903 2865 1113 2948 profundant
1135 2927 1147 2941 „

167 2964 328 3028 fluminis
338 2965 500 3053 ingentcis
515 2969 646 3052 fluctus,
659 2982 848 3051 vestemque
862 2981 1046 3035 eruentem.

204 3076 409 3140 Sollicitatur
419 3077 454 3140 id
466 3079 502 3141 in
518 3079 629 3162 nobis,
642 3082 732 3165 quod
747 3079 891 3142 diximus
907 3087 998 3159 ante,

45 3265 48 3269 .
167 3180 303 3254 Semen3
320 3182 432 3243 adulta
445 3193 535 3245 setas
547 3202 648 3265 quom
660 3183 806 3267 primum
818 3186 951 3247 roborat
962 3192 1060 3246 artus.

72 3312 75 3319 ·
167 3284 319 3362 Namque
333 3283 415 3348 alias
426 3285 518 3347 aliud
533 3306 586 3353 res
597 3297 783 3349 commovet
792 3295 891 3366 atque
904 3286 1050 3348 lacessita

167 3383 216 3447 Ex
228 3383 365 3447 homine
373 3386 557 3447 humanum
575 3404 687 3450 semen
699 3385 763 3449 ciet
774 3406 842 3449 una
854 3387 1000 3453 hominis
1010 3386 1071 3451 vis.

169 3488 268 3570 Quod
279 3489 379 3554 simul
391 3491 563 3572 atquesuis
573 3492 714 3557 eiectum
727 3493 859 3558 sedibus
872 3494 958 3577 exit,

167 3594 231 3661 Per
243 3598 391 3659 membra
403 3606 501 3681 alque
515 3608 605 3662 artus
618 3598 747 3663 decedit
760 3617 897 3685 corpore
910 3609 995 3681 toto,

168 3701 210 3767 ln
227 3703 300 3765 loca
318 3704 518 3770 conveniens
530 3726 709 3771 nervorum
722 3717 827 3790 certa;
840 3707 967 3790 cietque
