2572 4732
319 345 523 406 LIBER
563 347 602 409 v.
641 349 764 463 v·433·
881 308 885 315 ἱ
963 370 1061 435 ¹71,

53 491 120 554 Sed
131 508 219 557 nova
230 494 402 570 tempestas
415 488 594 568 quaedam,
609 489 796 568 molesque,
809 496 932 552 coorta.

54 590 227 678 Diffugere
243 593 322 655 inde
334 592 401 654 loci
412 601 521 674 partes
538 610 693 674 coepere,
706 612 867 674 paresque

56 706 144 764 Cum
158 699 296 782 paribus
306 697 402 784 iungi
413 717 481 778 res,
497 708 529 760 et
544 697 728 761 discludere
745 700 929 781 mundum,

54 804 273 883 Membraque
284 802 447 882 dividere,
460 811 492 863 et
504 820 642 885 magnas
656 800 833 884 disponere
843 803 968 886 parteis

56 910 254 996 Omnigenis
269 931 288 971 e
302 907 486 991 principiis;
502 907 666 983 discordia
680 927 827 988 quorum

54 1016 248 1096 Intervalla,
265 1014 352 1095 vias,
367 1033 547 1095 connexus,
562 1014 728 1095 pondera,
740 1017 872 1100 plagas,

57 1127 256 1205 Concursus,
271 1132 393 1203 motus,
406 1124 594 1202 conturbat,
610 1122 737 1203 proelia
748 1123 904 1208 miscens,

56 1233 195 1316 Propter
209 1229 393 1294 dissimileis
407 1230 530 1292 formas
546 1228 720 1310 variasque
730 1229 866 1317 figuram

57 1340 156 1424 Quod
165 1358 235 1401 nou
245 1338 358 1401 omnia
366 1338 414 1401 sic
423 1348 576 1419 poterant
586 1338 762 1402 coniuncta
773 1350 926 1425 manere,

57 1447 123 1509 Nec
136 1455 245 1509 motus
256 1445 421 1531 intersese
434 1447 514 1508 dare
529 1445 783 1510 conuenienteis.

57 1551 129 1613 Hoc
143 1559 191 1612 est
204 1568 225 1610 a
239 1549 332 1614 terris
346 1551 450 1613 altum
464 1570 634 1626 secernere
652 1552 798 1634 coelum,

58 1656 96 1717 Et
106 1672 255 1718 seorsum
267 1674 358 1719 mare
372 1655 421 1718 uti
433 1664 595 1719 secretum
610 1658 798 1739 humorque
809 1667 954 1743 pateret3

57 1761 189 1822 Seorsus
204 1757 283 1821 item
294 1760 372 1842 puri
386 1760 566 1841 secretique
581 1761 722 1835 aetheris
738 1762 841 1851 ignes.

95 1865 229 1953 Quippe
240 1865 362 1929 etenim
371 1863 517 1950 primurn
529 1871 628 1936 terrai
640 1888 778 1951 corpora
790 1890 958 1953 quaeque,

56 1970 232 2057 Propterea
244 1974 335 2053 quod
345 1980 440 2034 erant
449 1970 563 2059 gravia
578 1981 608 2033 et
619 1974 793 2056 perplexa,
810 1976 945 2041 coibant

56 2079 94 2142 In
105 2078 232 2160 medio,
247 2088 346 2158 atquc
360 2076 444 2138 imas
455 2073 628 2158 capiebant
641 2076 754 2139 omnia
770 2080 895 2145 sedeis:
955 2084 1014 2160 452

56 2187 165 2270 Quae,
184 2180 425 2267 quantomagis
439 2179 528 2243 inter
541 2200 575 2243 se
588 2184 744 2264 perplexa
760 2183 909 2269 coibant,

56 2290 139 2352 Tam
149 2289 255 2374 magis
265 2307 452 2370 expressere
461 2306 500 2348 ea
506 2332 516 2369 ,
535 2306 734 2368 quaemare,
746 2289 871 2374 sidera,
882 2295 1004 2377 solem,

56 2397 250 2476 Lunamque
264 2391 444 2475 efficerent,
457 2403 489 2455 et
503 2393 617 2479 magni
631 2393 764 2456 moenia
779 2395 908 2459 mundi.

56 2501 179 2565 Omnia
195 2498 285 2562 enim
300 2497 405 2584 magis
418 2499 499 2559 haec
514 2495 674 2562 cleribus
684 2507 783 2579 atque
797 2501 948 2569 rotundis

56 2604 259 2686 Seminibus,
276 2604 446 2683 multoque
459 2600 720 2666 minorihu'sunt
730 2604 917 2691 elementis,

56 2714 166 2797 Quam
176 2711 291 2774 tellus:
305 2708 381 2773 ideo
395 2729 456 2791 per
470 2727 545 2771 rara
559 2707 723 2772 foramina
737 2719 844 2774 terrae

55 2816 207 2880 Partibus
222 2834 397 2898 erumpens
411 2814 538 2896 primus
551 2833 586 2875 se
601 2811 731 2875 sustulit
747 2816 862 2877 aether
929 2840 934 2855 ·

54 2919 194 3006 lgnifer,
206 2929 240 2982 et
250 2919 372 2981 multos
383 2936 495 2981 seeum
508 2914 590 2978 levis
604 2914 738 2977 abstulit
750 2916 872 3001 igneis:

54 3027 130 3088 Nou
147 3025 214 3087 alia
226 3024 328 3108 longe
342 3021 489 3100 ratione,
511 3039 550 3083 ae
562 3033 660 3101 saepe
672 3019 842 3104 videmus,

54 3131 164 3191 Aurea
177 3148 280 3209 quom
296 3126 442 3210 primum
456 3121 673 3210 gemmanteis
688 3143 765 3188 rore
780 3146 841 3210 per
853 3127 973 3195 herbas
993 3152 996 3157 ’

54 3236 217 3301 Matutina
232 3239 352 3301 rubent
369 3234 489 3298 radiati
502 3232 630 3297 lumina
641 3231 741 3316 solis,

53 3344 282 3424 Exhalantque
299 3346 390 3407 lacus
406 3339 580 3420 nebulam,
592 3335 750 3417 fluviique
766 3357 942 3420 perennes3
999 3360 1004 3373 ·

53 3449 196 3529 Ipsaque
206 3457 238 3510 et
244 3447 415 3511 ‘interdum
428 3445 524 3507 tellus
535 3444 664 3506 fumare
677 3442 827 3504 videtur:

54 3548 178 3614 Omnia
188 3568 290 3630 quae,
306 3567 436 3610 sursum
450 3565 554 3626 quorn
565 3543 785 3609 conciliantur
798 3543 835 3604 in
848 3543 932 3628 alto,
1004 3582 1007 3586 -

52 3657 203 3737 Corpore
215 3662 368 3716 concreto
384 3651 562 3712 subtexunt
575 3647 690 3711 nubila
708 3648 851 3709 eoelum.

51 3758 107 3823 Sic
117 3756 220 3845 igitur
234 3765 304 3819 tum
313 3777 351 3851 se,
360 3754 443 3821 levis
454 3773 494 3819 ac
509 3749 663 3820 diffusilis
678 3753 793 3816 aether
815 3779 825 3789 ·

153 3857 283 3915 locutios.
757 3868 790 3909 η
