2572 4732
348 344 551 408 brnen
589 348 617 408 1.
657 351 777 426 usu.
999 356 1037 414 ³2

77 486 151 570 Nil,
167 492 206 550 nl
218 486 354 571 opinor3
367 487 426 551 nbi
436 509 476 552 ex
486 509 592 570 aequo
602 511 654 554 res
666 490 813 557 binditus
826 494 933 559 omnis

74 598 163 661 Tam
178 598 327 661 mortalis
343 597 423 680 erit,
441 619 543 678 qnam
554 619 639 680 quae
649 599 822 665 manifeste
833 601 984 669 videmus

77 701 128 767 Ex
139 703 243 767 oculis
253 702 389 785 nostris,
400 701 512 783 aliqua
525 703 559 764 vi
575 702 680 786 victa,
697 704 817 786 perire.

76 812 120 872 At
132 831 241 890 neque
252 810 399 874 recidere
414 811 458 872 ad
473 809 618 872 nihilum
634 830 687 874 res
701 829 810 892 posse,
827 829 935 889 neque

690 960 694 967 -
747 926 859 979 autem

74 1020 230 1083 Crescere
243 1019 285 1082 de
298 1017 422 1100 nihilo,
436 1027 535 1084 testor
549 1039 601 1083 res
615 1022 690 1081 ante
706 1020 871 1103 probatas.

114 1127 303 1203 Praeterea,
316 1120 474 1202 quoniam
483 1123 580 1184 -elbus
590 1133 688 1209 auget
698 1121 964 1206 eorpusalitque,
1019 1134 1026 1191 “,

72 1210 270 1312 Scirelieet,
289 1229 385 1292 nobis
401 1247 519 1309 venas,
536 1238 568 1292 et
587 1247 751 1315 sanguen,
765 1239 895 1312 etossa,

72 1337 113 1396 Et
131 1355 265 1415 nervos,
279 1332 475 1420 alienigenis
489 1353 530 1395 ex
547 1333 695 1416 partibus
712 1354 800 1397 essee

72 1437 149 1500 Sive
165 1438 255 1501 cibos
265 1439 392 1501 omneis
411 1436 588 1500 commixto
607 1456 745 1520 corpore
758 1436 871 1500 dicent

70 1545 166 1627 Esse,
183 1554 216 1606 et
225 1547 347 1607 habere
360 1543 442 1607 inse
455 1561 635 1631 nervorum
648 1562 789 1626 corpora
801 1562 922 1626 parva,
942 1543 944 1547 ’

70 1652 237 1732 Ossaque,
249 1661 282 1713 et
290 1650 428 1714 omnino
438 1670 552 1732 venas,
570 1640 759 1732 parteisque
773 1649 914 1725 cruoris;
1011 1676 1027 1717 .·,

66 1757 159 1839 Fiet,
170 1756 221 1819 uti
235 1755 328 1819 cibu's
341 1756 450 1832 omnis
463 1764 496 1818 et
507 1755 685 1836 aridus,·et
692 1754 805 1836 liquor
813 1754 901 1838 ipse,
966 1804 969 1809 .
1017 1766 1020 1771 '

65 1864 117 1926 Ex
135 1862 328 1949 alienigenis
338 1865 435 1926 rebus
448 1864 597 1927 constare
607 1875 783 1945 putentur,
797 1894 800 1899 ·

68 1971 224 2054 Ossibus,
238 1983 272 2033 et
281 1970 597 2052 nervisqvenisque,
612 1980 643 2031 et
655 1970 834 2055 sang'uine,
854 1971 969 2035 mixta.
1017 1974 1021 1981 '

36 2102 39 2107 ·
65 2077 256 2157 Praeterea,
269 2059 484 2155 quaecunque
498 2084 615 2136 eterra
629 2076 769 2157 corpora
779 2085 946 2151 crescunt,
968 2076 1026 2136 868

65 2177 102 2240 Si
118 2190 194 2242 sunt
210 2178 246 2243 in
263 2176 372 2259 terris,
393 2185 514 2240 terram
531 2184 824 2245 constare-neeesse
836 2188 883 2240 est
955 2216 960 2227 -

64 2286 434 2373 Exulienigenis,quae
447 2282 542 2359 terris
557 2282 761 2345 exoriuntur.
812 2322 815 2329 -
1019 2286 1023 2295 '

62 2391 222 2452 Transfer
237 2389 332 2469 item,
350 2388 486 2450 totidem
503 2387 611 2449 verbis
625 2397 718 2449 utare
734 2380 868 2450 licebit:

64 2497 105 2558 ln
125 2495 224 2580 lignis
236 2493 265 2559 si
275 2494 513 2573 flammalatet,
526 2492 721 2572 fumusque,
742 2489 910 2573 cinisque,

62 2602 115 2663 Ex
127 2599 320 2686 alienigenis
336 2596 513 2669 oonsistant
525 2596 616 2683 ligna
629 2617 760 2662 necesse
778 2606 835 2661 est.

103 2705 282 2786 Linquitur
294 2697 350 2767 bio
362 2703 468 2767 tenuis
480 2703 631 2766 latitandi
643 2703 737 2786 copia
749 2707 934 2786 quaedem,
1020 2718 1024 2727 “

61 2812 104 2872 Id
117 2810 207 2890 quod
214 2810 423 2894 Anaxagoras
434 2806 499 2869 sibi
510 2807 623 2883 sumit3
637 2816 674 2868 ul
686 2807 841 2869 omnibus
852 2805 980 2871 omneis

61 2920 130 2980 Res
145 2925 237 2998 putet
251 2915 417 2978 immixtas
427 2915 526 2977 rebus
538 2913 682 2990 latitare,
698 2913 757 2973 sed
769 2913 853 2973 illud

61 3027 231 3105 Apparere
249 3040 368 3103 unum,
382 3020 501 3102 quoius
514 3020 579 3082 sint
591 3017 702 3101 pluria
716 3017 835 3096 mixta,

60 3130 103 3189 Et
114 3127 265 3212 magisin
281 3137 431 3210 promtu,
443 3125 617 3209 primaque
628 3121 802 3200 iti-fronte,
819 3120 937 3183 locata:
1020 3126 1023 3131 '

59 3235 162 3318 Quod
173 3244 281 3296 tamen
298 3233 525 3316 avere-longe
539 3229 667 3292 ratione
682 3228 851 3312 'repulsum
869 3235 927 3290 est.

59 3340 285 3404 Conveniebat
295 3341 401 3422 enim,
419 3336 530 3423 frug'es
539 3346 671 3418 quoque
680 3354 795 3417 saepe,
813 3331 937 3395 minaei
1023 3320 1030 3329 ’

57 3447 194 3507 Robore
206 3463 307 3523 quom
319 3443 388 3505 sarii
403 3443 621 3526 franguntur,
640 3441 770 3501 mittere
781 3436 914 3522 signum

57 3547 249 3634 Sanguinis,
266 3554 323 3617 aut
340 3544 481 3627 aliquid,
499 3555 610 3608 nostro
633 3550 717 3623 quae
731 3557 868 3622 corpore

126 3650 130 3659 '
328 3678 331 3683 ·
460 3664 465 3675 “
652 3646 802 3711 alanturs'

57 3757 1013 3850 [Quomlapideminlepidemterimus,manarerruorem.l
1050 3758 1052 3762 '
