2550 4726
323 111 525 201 uinus
565 68 631 176 rvss
670 130 704 172 v,
725 109 811 198 s9s·.=,
974 112 1031 192 ως

76 259 137 322 Per
146 255 238 338 loca,
248 274 314 336 qua
325 263 492 335 nequeunt
506 253 594 317 oculi
605 273 657 317 res
667 272 800 317 eernere
812 259 960 337 apertas,

73 361 165 423 Haec
174 359 247 423 loea
257 378 317 442 per
327 370 423 422 'voces
434 359 772 441 veniant,aurelsque
782 361 961 424 lacessant:
1077 362 1079 366 ’

75 464 298 544 conloquium
310 464 406 528 clusis
419 465 544 529 foribus
559 486 691 547 quoque
707 487 805 550 saepe
820 465 980 530 videmus.

73 566 256 647 Nimirum,
269 565 347 647 quia
356 586 423 629 vox
432 588 493 652 per
505 571 588 631 flexa
602 568 764 631 foramina
775 591 889 632 rerum

73 672 254 737 Incolumis
268 673 405 737 transire
418 685 543 757 potest,
556 676 732 739 simulacra
746 683 918 739 renutant:

73 781 330 844 Perscinduntur
340 781 447 864 enim,
464 781 528 844 nisi
540 772 628 844 reeta
640 780 803 844 foramina
817 791 964 861 tranant3

73 885 196 970 Qualia
208 896 284 948 sunt
302 885 393 966 vitri,
410 887 534 969 speeies
549 908 633 970 quae
650 891 790 951 travolat
804 889 923 953 omnis.

111 992 298 1072 Praeterea,
314 990 434 1074 parteis
452 992 490 1055 in
506 1002 637 1055 cunetas
652 990 811 1059 dividitur.
823 1014 907 1078 vor,

71 1094 119 1158 Ex
135 1095 208 1158 aliis
224 1095 307 1158 aliae
324 1093 482 1175 quoniam
498 1095 699 1182 gignuntur3
718 1096 866 1161 ubinam
1035 1084 1038 1089 ¹

72 1201 220 1268 Dissiluit
230 1207 330 1269 semel
344 1205 380 1268 in
390 1197 533 1286 multas,
554 1216 665 1268 exorta
679 1208 772 1287 quasi
786 1208 874 1294 ignis
966 1188 969 1193 ¹

71 1311 174 1394 Saepe
186 1314 267 1374 solet
277 1311 418 1374 scintilla
430 1330 506 1373 suos
518 1331 553 1373 se
563 1331 717 1395 spargere
730 1310 766 1373 in
777 1312 895 1398 igneis.
942 1348 945 1355 ·

70 1414 158 1500 Ergo
170 1416 337 1498 replentur
351 1418 424 1479 loca
438 1414 573 1478 vocibus
582 1415 714 1493 ,abdita
727 1408 817 1479 retr'o

71 1519 193 1581 Omnia
207 1541 289 1600 quae
307 1521 434 1583 circum
444 1523 593 1602 fuerunt,
609 1522 783 1603 sonitque
796 1523 934 1586 cientur.

69 1622 112 1685 At
124 1622 298 1686 simulacra
314 1618 376 1686 viis
395 1626 436 1686 de
452 1624 548 1686 rectis
562 1624 851 1707 omnia‘teudunt,

69 1724 112 1787 Ut
125 1735 204 1788 sunt
218 1726 316 1789 missa
329 1728 446 1790 semel:
462 1734 663 1807 quapropter
681 1747 814 1789 eernere
829 1748 928 1792 nemo
1025 1744 1030 1753 ’

69 1831 189 1912 saepta
202 1849 302 1911 supra
317 1831 399 1911 potis
412 1838 474 1911 est,
486 1840 520 1892 at
533 1849 630 1894 voees
645 1830 793 1912 accipere
805 1841 907 1895 extra.
965 1836 1024 1897 613

70 1932 109 1996 lit
120 1943 230 1998 tamen
240 1933 311 2016 ipsa
320 1953 452 2015 quoque
462 1936 563 2017 haee,
575 1935 655 1998 dum
668 1935 782 1998 transit
793 1938 883 2000 clusa

550 2086 553 2093 -
594 2042 738 2126 viarum,
945 2064 981 2143 ‘

70 2147 143 2215 Vox
155 2148 363 2232 obtunditur,
380 2159 477 2232 atque
490 2149 597 2213 aureis
611 2151 747 2213 confusa
757 2158 924 2233 penetrat:

69 2256 108 2320 Et
116 2257 259 2320 sonitum
271 2258 393 2341 potius,
409 2277 509 2338 quam
520 2261 638 2338 verba,
654 2257 768 2321 audire
783 2257 945 2323 videmur.

108 2363 181 2424 Hoc
188 2352 743 2449 ,queissentimussueeum,lingua
753 2374 850 2444 atque
858 2366 1021 2448 palatum,

69 2465 257 2532 Plusculum
267 2473 390 2534 habent
400 2470 435 2532 in
449 2466 486 2535 se'
503 2470 653 2553 rationis,
667 2473 740 2554 plus
753 2475 878 2554 operai·
970 2532 975 2539 .

105 2575 288 2659 Priueipio,
307 2598 442 2640 succum
454 2578 610 2641 sentimus
622 2578 658 2639 in
670 2597 743 2656 ore,
757 2577 869 2639 cibum
883 2597 986 2658 quom

67 2677 259 2742 Mandundo
273 2680 504 2762 exprimimus:
518 2702 577 2742 eeu
591 2681 723 2761 plenam
734 2677 907 2763 spongiam
920 2681 1021 2761 aquai

67 2779 184 2861 siquis
195 2782 279 2843 sorte
293 2801 393 2843 manu
404 2801 567 2864 premere,
583 2800 621 2842 ae
631 2780 768 2861 siccare,
784 2778 901 2862 eoe'pit.

66 2886 162 2970 Inde,
179 2892 268 2969 quod
282 2886 508 2972 exprimimus,
523 2911 584 2973 per
600 2890 710 2953 caulas
720 2908 820 2952 omne
829 2889 946 2972 palati

65 2992 210 3077 Diditur,
224 3004 255 3057 et
269 3015 362 3057 rarae
374 2996 532 3078 perplexa
544 2991 707 3057 foramina
720 2992 864 3080 linguae.
922 3018 926 3023 ’
948 2989 951 2999 “

65 3100 152 3184 Hoc,
163 3102 223 3164 ubi
233 3103 340 3165 laevia
352 3110 428 3166 sunt
444 3099 607 3164 manantis
622 3119 759 3182 corpora
771 3099 874 3181 succi,

64 3204 213 3269 Suaviter
226 3206 406 3292 attingunt,
418 3215 450 3267 et
461 3205 603 3268 suaviter
620 3207 732 3268 omnia
748 3213 902 3286 tractant,

63 3312 210 3377 Humida
228 3314 355 3399 linguai
374 3313 495 3375 circum
512 3312 663 3374 sudantia
678 3315 810 3395 templa.
925 3346 931 3357 ·

61 3419 102 3481 At
113 3430 229 3483 eontra
242 3425 393 3504 pungunt
403 3437 534 3480 sensum
545 3421 755 3497 lacerantque
769 3427 899 3500 coorta,

62 3523 196 3609 Quanto
208 3544 357 3608 quaeque
373 3524 476 3615 magis
489 3535 566 3590 sunt
579 3523 751 3609 asperitate
764 3526 902 3609 repleta.
