2550 4726
181 446 184 453 ι
293 360 350 422 nc
504 357 1019 423 osnanunrotruns
1087 320 1263 441 ηδε(

289 502 335 563 Ut
346 501 462 583 pluma
474 507 573 581 atque
582 498 644 582 pili
655 498 801 583 primum
810 508 963 580 setaeque
977 508 1132 563 creantur
1226 536 1229 541 ·

290 609 553 693 quadrupedum
564 605 737 688 memhris,
753 618 785 669 et
799 626 937 699 corpore
954 605 1241 692 pennipotentum:

288 709 341 774 Sic
355 730 444 774 nova
455 719 526 772 tum
537 710 632 773 tellus
643 710 762 772 herbas
774 708 985 796 virgultaque
996 708 1149 800 primum

289 812 444 878 Sustulit:
461 811 542 876 inde
558 811 624 875 loci
639 813 793 876 mortalia
807 814 893 876 secla
908 814 1035 877 creavit

288 920 411 999 Multa,
424 915 532 980 modis
545 916 676 999 multis,
688 915 783 979 varia
802 915 948 998 ratione,
964 925 1089 981 coorta.

288 1031 373 1090 Nam
386 1046 495 1106 neque
508 1027 551 1087 de
565 1027 660 1089 coelo
680 1024 835 1089 oecidbse
852 1023 1009 1089 animalia
1024 1032 1243 1109 possunt,

288 1133 357 1194 Nec
370 1128 536 1193 terrestria
550 1131 592 1192 de
605 1127 699 1194 salsis
715 1127 820 1193 exisse
841 1126 981 1191 lacunis

287 1233 485 1318 Linquitur,
496 1243 534 1297 ut
543 1235 662 1298 merito
674 1243 861 1298 maternum
876 1253 997 1296 nomen
1010 1235 1133 1316 adepta

288 1341 391 1402 Terra
403 1340 463 1421 sit,
477 1359 496 1401 e
509 1347 597 1403 terra
612 1338 771 1420 quoniam
787 1346 864 1403 sunt
879 1345 999 1402 cuncta
1009 1347 1131 1401 creata.
1227 1364 1231 1373 ·

289 1442 460 1521 Multaque
473 1462 563 1505 nunc
575 1440 675 1504 etiam
687 1439 846 1503 exsistunt
857 1438 1016 1503 animalia
1028 1437 1142 1521 terris,
1206 1454 1224 1501 .“

288 1548 456 1613 Imbribus
469 1558 501 1611 et
516 1547 624 1611 calido
640 1546 719 1610 solis
735 1556 889 1610 concreta
902 1566 1038 1631 vapore.

289 1658 367 1739 Quo
380 1656 489 1718 minus
502 1664 550 1718 est
563 1654 704 1737 mirum,
720 1654 748 1718 si
762 1664 833 1716 tum
848 1662 926 1717 sunt
939 1655 1038 1736 plura
1053 1660 1181 1734 coorta,

287 1757 330 1819 Et
343 1755 485 1839 maiora,
503 1777 591 1820 nova
604 1760 739 1841 tellure,
756 1768 854 1841 atque
869 1761 1019 1843 aethere,
1038 1761 1162 1823 adulta.
1216 1768 1221 1775 '
1266 1757 1267 1776 ³

328 1862 512 1949 Principio,
526 1885 631 1951 genus
643 1864 802 1950 alituum,
819 1866 997 1948 variaeque
1010 1869 1176 1950 volucres,

290 1971 363 2033 Ova
375 1969 624 2054 relinquebant,
639 1972 790 2037 exclusae
802 1979 951 2056 tempore
964 1986 1088 2035 verno:

288 2078 466 2143 Folliculos
476 2087 513 2142 ut
526 2100 615 2142 nunc
629 2076 758 2142 tereteis
769 2086 890 2141 aestate
906 2077 1038 2142 cicadae
1188 2079 1236 2143 lor
1271 2084 1273 2133 ἰ

288 2182 460 2269 linquunt
469 2193 587 2267 sponte
596 2204 672 2265 sua,
684 2182 809 2246 victum
823 2181 991 2263 vitamque
1005 2187 1162 2267 petentes.
1270 2200 1273 2257 ξ

327 2293 415 2354 Tum
431 2289 491 2355 tibi
505 2300 591 2355 terra
603 2291 694 2355 dedit
708 2292 855 2374 primum
868 2290 1022 2352 mortalia
1034 2291 1142 2354 secla:

288 2396 414 2460 Multus
426 2396 517 2459 enim
532 2397 638 2478 calor,
652 2405 750 2478 atque
762 2396 900 2477 humor,
910 2396 1088 2478 superabat
1100 2392 1137 2453 in
1150 2389 1229 2453 arvis

287 2501 378 2581 Hoc,
397 2502 456 2564 ubi
469 2524 619 2582 quaeque
636 2502 701 2566 loci
715 2501 809 2588 regio
821 2510 1008 2585 opportuna
1023 2502 1181 2580 dabatur,

289 2603 487 2664 crescebant
500 2604 586 2666 uteri
596 2614 700 2686 terra,
710 2605 877 2672 radicibus
890 2607 979 2690 apti:

290 2711 382 2792 Quos
397 2706 457 2769 ubi
471 2716 618 2789 tempore
633 2718 763 2773 maturo
776 2711 975 2793 patefecerat
989 2721 1078 2775 aetas

288 2806 473 2896 infantum,
489 2811 619 2899 fugiens
631 2816 824 2897 humorem,
838 2837 1001 2899 aurasque
1014 2817 1188 2900 petissere,

290 2918 512 2979 Convortebat
524 2915 573 2978 ibi
584 2918 708 2979 Natura
723 2917 888 2982 foramina
904 2928 1028 3002 terrae,

290 3025 331 3084 Et
345 3044 478 3087 succum
494 3022 588 3086 venis
607 3025 743 3109 cogebat
758 3026 897 3090 sundere
911 3028 1049 3110 apertis,

290 3129 504 3193 consimilem
516 3127 627 3192 lactis:
649 3126 731 3191 sicut
745 3151 835 3193 nunc
849 3131 973 3195 femina
986 3152 1155 3218 quaeque,
1215 3146 1219 3154 '

290 3238 402 3320 Quom
416 3232 558 3316 peperit,
571 3231 662 3295 dulci
671 3233 817 3314 repletur
825 3236 926 3312 lactc,
941 3239 1033 3317 quod
1045 3239 1157 3305 omnis
1262 3250 1273 3323 ’ᾗ

290 3345 437 3425 Impetus
448 3339 485 3400 in
498 3357 658 3401 mammas
676 3337 881 3401 convortitur
893 3340 951 3403 ille
963 3341 1126 3408 alimenti.

290 3447 393 3508 Terra
406 3442 519 3506 cibum
533 3438 662 3524 pueris,
674 3447 798 3503 vestem
810 3460 929 3524 vapor,
946 3442 1052 3507 herba
1061 3444 1188 3529 cubile,

290 3551 486 3629 Praebebat,
499 3547 604 3610 multa
615 3556 648 3609 et
658 3545 754 3609 molli
764 3545 922 3632 lanugine
935 3550 1122 3614 abundans.

331 3657 374 3715 At
386 3653 514 3717 novitas
528 3651 644 3715 mundi
654 3673 716 3716 nec
730 3650 855 3738 frigora
868 3653 951 3713 dura
969 3651 1095 3736 ciebat,

292 3757 360 3819 Nec
374 3757 494 3823 nimios
511 3770 632 3843 aestus,
648 3778 710 3821 nec
726 3756 856 3845 maguis
871 3755 997 3822 viribus
1013 3777 1123 3824 auras.

1268 3720 1273 3739 l
