2550 4726
129 312 214 424 4ιφ
280 316 283 321 ’
317 394 319 398 ,
353 340 419 404 nn
444 339 636 403 uenum
662 333 880 402 urruns
927 282 1066 407 vinos

153 484 210 549 Sol
224 480 349 559 docuit3
364 481 523 563 quoniam
539 481 709 546 mitescere
727 482 832 545 multa
849 479 1025 562 videbant,

152 589 355 655 Verberibus
369 589 537 653 mdiorum
548 599 646 671 atque
657 599 745 653 aestu
761 572 860 670 uicta,
873 608 935 672 per
943 607 1047 676 agros.

151 693 236 754 Inde
248 690 317 754 dies
333 691 438 778 magis
451 691 488 755 in
505 692 630 757 vietum
644 691 813 773 vitamque
828 691 976 775 priorem

154 802 366 862 Commutere
378 797 474 861 novis
488 792 715 862 monstrabant
726 799 823 861 rebus
834 806 866 862 et
876 795 951 882 igni
957 774 978 880 ‚⁶

152 906 294 991 ingenio
309 903 368 986 qui
382 905 605 987 praestabant,
620 915 652 971 et
665 907 764 968 eorde
775 903 942 989 vigebant.

123 1095 126 1099 Ι
195 1013 345 1076 Condere
357 1012 868 1095 coeperunturbeimreemque
879 1011 990 1074 locare

152 1116 357 1181 Praesidium
374 1137 469 1202 regen
485 1115 550 1198 ipsi
563 1115 645 1195 sibi,
655 1113 930 1202 perfugiumque:

152 1221 194 1283 Et
203 1222 344 1303 pecudes
352 1265 364 1302 ,
378 1229 410 1282 et
423 1239 520 1307 agros
535 1218 690 1300 divisere,
710 1227 810 1299 atque
826 1221 964 1299 dedere,

152 1323 219 1388 Pro
234 1324 317 1387 faeie
332 1324 534 1407 quoiusque,
549 1334 582 1387 et
593 1324 735 1405 viribus,
754 1322 968 1410 ingenioque.

152 1430 236 1492 Nam
251 1430 352 1494 iacies
360 1433 503 1513 multum
516 1430 637 1512 valuit,
657 1431 808 1511 viresque
817 1429 990 1518 vigebant:

55 1584 58 1589 .
153 1526 318 1599 Posterius
335 1557 386 1600 res
398 1537 534 1600 inventa
544 1546 607 1619 est,
623 1556 807 1618 aurumque
822 1543 1011 1619 repertum,

154 1643 362 1728 Quodiaeile
374 1655 408 1709 et
423 1644 543 1709 validis
559 1653 592 1709 et
607 1643 756 1727 pulchris
768 1642 887 1707 demsit
897 1644 1065 1706 bonorem

154 1745 323 1810 Divitioris
334 1746 424 1810 enim
439 1758 561 1813 sectam
578 1749 776 1830 plerumque
789 1758 974 1831 sequuntur

154 1850 346 1936 Quamlibet
356 1861 389 1914 et
400 1852 501 1916 fortes
508 1840 522 1933 ,’
531 1860 564 1915 et
573 1852 715 1934 pulchro
729 1872 867 1936 corpore
881 1852 974 1917 creti.

143 1947 145 1953 ’
196 1957 418 2043 Quodsiquie
431 1975 510 2021 vera
520 1957 629 2020 uitem
643 1956 771 2022 ratione
781 1962 965 2045 gubernat,
1034 1960 1102 2024 nrt

154 2064 300 2130 Divitiae
313 2065 456 2152 grandes
467 2064 598 2131 bomini
607 2045 702 2149 sunt,
718 2065 832 2131 virere
845 2085 948 2148 paree

154 2172 269 2251 Aequo
282 2168 396 2259 auimo
406 2191 417 2246 ς
427 2189 536 2250 neque
549 2169 639 2235 enim
646 2177 695 2234 est
703 2190 851 2252 iniquam
857 2171 999 2255 penurie
1008 2167 1101 2258 parvi.

41 2279 45 2286 ”
154 2275 198 2338 At
207 2276 312 2359 claros
320 2273 474 2337 homines
487 2275 664 2339 voluerunt
675 2295 710 2339 se
723 2285 824 2357 atque
829 2276 1009 2362 potenteis,

154 2380 200 2441 Ut
213 2381 430 2444 fundamento
443 2380 554 2445 stabili
567 2382 700 2446 fortuna
717 2395 884 2468 maneret,

154 2487 196 2550 Et
211 2487 376 2567 placidam
386 2497 519 2570 possent
534 2489 704 2572 opulentei
716 2491 836 2576 degere
851 2491 974 2557 vitame

157 2591 584 2674 Nequidquam-quonism
603 2598 647 2658 ad
655 2616 821 2661 summum
829 2600 1007 2664 sueoedere

683 2703 847 2766 honorem

156 2804 342 2887 Certantes,
358 2803 423 2868 iter
437 2804 595 2869 infestum
609 2807 717 2871 fecere
730 2807 809 2872 viai.

155 2910 196 2972 Et
207 2920 344 2975 tameue
357 2920 503 2995 summo,
512 2913 607 2994 quasi
618 2911 760 2996 fulmen,
771 2915 883 2980 deiiuit
892 2915 976 2982 ictos
1083 2900 1085 2907 ‚

154 3016 288 3082 Invidia
298 3018 466 3084 interdum
479 3021 670 3089 eontentim
680 3022 716 3085 in
724 3025 861 3087 Tartara
871 3033 991 3088 taetre:

155 3127 200 3189 Ut
211 3127 312 3190 satius
323 3130 430 3191 multo
438 3127 504 3191 iam
514 3126 558 3190 sit
569 3148 685 3210 parere
696 3129 858 3213 quietum,
1091 3112 1094 3117 ¹

156 3233 265 3315 Quam
276 3253 392 3318 regere
404 3232 546 3316 imperio
557 3254 607 3296 res
616 3235 719 3316 velle,
730 3244 763 3296 et
775 3254 878 3320 regna
891 3243 1015 3301 tenere.

155 3338 299 3405 Proinde
307 3336 391 3429 fine,
405 3337 568 3403 ineassum
579 3340 708 3422 defessi,
716 3342 878 3428 sunguine
887 3345 1025 3427 sudent,

80 3494 83 3502 .
156 3447 340 3532 Angustum
355 3465 415 3528 per
424 3444 488 3508 iter
497 3447 657 3513 luctantes
665 3447 872 3513 ambitionis:

155 3550 287 3614 Invidia
296 3552 545 3634 quonium‚eeu¹
557 3548 850 3640 fulmine‚sumnm
859 3567 1023 3642 vaporant
1088 3558 1091 3565 '

156 3654 505 3740 Plerumque,etquae
515 3668 589 3722 sunt
600 3656 673 3724 altis
682 3660 787 3748 magis
796 3662 884 3724 edita
896 3684 1039 3746 cunque:

156 3756 435 3842 Quandoquidem
443 3764 576 3849 sepiunt
586 3763 697 3830 alieno
705 3784 747 3831 ex
757 3778 1023 3853 ore‚petuntque
