2550 4726
397 374 600 436 LIBER
640 373 708 440 vl.
749 380 871 455 v.703.
1057 378 1134 439 235'

156 509 379 593 Nominitant3
392 534 452 579 nos
465 516 556 595 quod
565 512 688 577 fauceis
697 514 925 598 perhibemus,
937 521 971 579 et
983 535 1052 579 ora.

189 623 275 685 Sunt
285 621 413 703 aliquot
423 614 556 702 quoque
567 640 635 702 res,
647 640 787 700 quarum
799 639 901 682 unam
912 617 1022 682 dicere

760 747 892 791 causam

148 837 225 898 Non
236 837 313 899 satis
325 843 386 916 est,
398 855 515 897 verum
529 833 653 916 plureis
662 856 672 911 3
682 835 771 896 unde
784 852 851 894 una
867 842 977 894 tamen
988 833 1039 895 sit.

147 944 278 1024 Corpus
292 952 328 1003 ut
341 941 531 1003 exanimum
544 939 572 1003 si
590 942 680 1021 quod
697 941 814 1021 procul
827 937 897 1020 ipse
908 938 1028 1000 iacere¹
1047 956 1051 961 ·

145 1044 341 1127 Conspicias
354 1042 517 1124 hominis,
527 1042 580 1125 fit,
593 1052 630 1105 ut
643 1042 772 1106 omneis
783 1041 892 1104 dicere
907 1055 1020 1104 causas

143 1147 334 1210 Conveniat
344 1147 417 1228 leti,
431 1146 558 1209 dicatur
569 1155 605 1209 ut
619 1144 710 1209 illius
722 1166 799 1208 una.

140 1253 232 1314 Nam
246 1268 353 1332 neque
370 1274 446 1315 eum
457 1253 563 1331 ferro,
578 1273 638 1315 nec
651 1253 788 1339 frigore,
800 1245 1049 1334 vincerepossis
1066 1290 1070 1297 ·

138 1348 329 1439 Interiisse,
349 1378 457 1437 neque
467 1378 486 1418 a
496 1359 629 1437 morbo,
644 1378 752 1438 neque
765 1358 849 1420 forte
860 1378 1010 1434 veneno,
1055 1410 1059 1417 .

138 1463 273 1525 Verum
288 1460 416 1540 aliquid
424 1480 550 1544 *genere
561 1478 630 1521 esse
640 1480 680 1522 ex
692 1462 771 1542 hoc,
784 1462 873 1542 quod
883 1446 1022 1544 coritig'it
1032 1458 1063 1521 ei
1067 1505 1078 1542 ,
1093 1468 1098 1525 ἶ

137 1566 286 1630 Scimus:
301 1565 382 1627 item
392 1564 427 1625 in
443 1563 554 1626 multis
567 1567 632 1626 hoc
641 1567 744 1627 ‘rebus
756 1563 864 1627 dicere
876 1568 1044 1628 hahemus.

182 1668 279 1730 Nilus
290 1669 325 1729 in
340 1677 493 1730 aestatem
505 1665 635 1748 crescit,
651 1667 840 1749 campisque
854 1669 1036 1749 redundat,

137 1771 267 1837 Unicus
275 1771 316 1851 ¹in
325 1770 440 1852 plerum,
455 1770 599 1856 Aegypti
615 1770 712 1842 totius
725 1771 841 1835 amnis.

136 1883 171 1945 Is
185 1882 270 1968 rigat
280 1884 467 1966 Aegyptum
479 1870 626 1940 r'nedium
635 1899 696 1959 per
706 1898 803 1958 saepe
815 1881 977 1957 calorem,

136 1989 223 2067 Aut,
240 1984 317 2065 quia
326 1994 402 2048 sunt
414 1992 533 2045 aestate
547 1979 727 2059 Aquilones
738 1981 820 2043 ostia
836 1991 951 2042 contra
973 2004 976 2009 ·
993 1986 996 1990 ’
1042 2027 1045 2032 -

136 2087 232 2149 Anni
246 2097 459 2168 temporem,
476 2103 542 2165 quo
556 2081 681 2145 Etesiae
698 2103 764 2146 esse
780 2082 946 2159 feruntur3
975 2134 977 2141 s
1043 2100 1105 2164 7¹¹7

136 2195 196 2275 Et,
208 2202 321 2255 contra
335 2191 473 2286 fluvium
487 2193 614 2269 flantes,
628 2196 853 2265 remorantur3
864 2197 912 2270 et,
925 2190 1032 2271 undas
1071 2222 1074 2229 -

138 2307 302 2389 Cogentes
315 2287 438 2383 sursus,
451 2302 596 2382 replent,
609 2308 797 2387 coguntque
814 2319 957 2361 manere.

138 2410 225 2471 Nam
238 2407 342 2471 dubio
354 2409 471 2489 procul
481 2410 562 2469 haec
575 2409 715 2481 advorso
726 2407 827 2468 flabra
838 2406 991 2468 feruntur
1076 2405 1079 2411 ’

135 2519 309 2599 Flumine,
324 2536 409 2597 quae
418 2512 533 2600 gelidis
544 2516 589 2576 ab
602 2513 702 2583 stellis
717 2514 787 2578 axis
801 2522 960 2599 aguntur:
991 2550 995 2561 ·

135 2627 199 2688 Ille
213 2646 254 2687 ex
263 2621 413 2686 aestifera
426 2630 520 2702 parte
531 2619 621 2682 venit
632 2619 754 2702 amnis,
768 2623 811 2695 ab
823 2623 952 2684 Austro·
1015 2658 1018 2664 ,
1093 2632 1097 2641 '

136 2723 634 2813 Internigravirirm,percooto
645 2727 732 2788 secla
744 2727 870 2807 calore,
929 2744 934 2753 ·
1035 2738 1038 2745 '
1063 2742 1067 2751 ·
1094 2716 1098 2724 ’

134 2833 296 2897 Exomens
308 2832 438 2916 penitus
451 2834 560 2896 media
574 2837 616 2896 ab
628 2852 764 2922 regrone
775 2832 853 2895 drer
971 2860 974 2867 ¹
1006 2861 1011 2869 ·
1057 2828 1084 2875 ⁰·
1116 2832 1120 2842 “

175 2943 231 3003 Est
241 2962 388 3023 q,uoque
401 2941 451 3002 uti
464 2939 565 3022 possit
577 2960 653 3026 mag
655 2961 715 3002 nus
730 2948 903 3024 congestus
913 2948 1044 3045 arenae·

134 3034 461 3110 Fluctibusadvorsis
474 3045 860 3142 oppilareostiacontra,
934 3074 939 3088 ·
975 3056 978 3061 '
1022 3076 1026 3087 ·

134 3156 248 3239 Quom
260 3174 369 3236 mare,
381 3164 571 3236 permotum
581 3154 706 3238 ventis,
717 3154 785 3217 ruit
797 3155 900 3219 intus
897 3162 1045 3218 arenam.
1058 3170 1061 3175 '

134 3263 210 3344 Quo
225 3261 321 3323 fituti
334 3266 431 3343 pacto
444 3261 531 3324 liber
546 3260 656 3326 minus
671 3263 777 3326 exitus
790 3262 914 3343 amnis,
962 3266 966 3275 “
1002 3284 1005 3289 ·

134 3367 173 3428 Et
184 3367 375 3450 proclivus’
364 3379 445 3430 rtem
458 3365 514 3430 fiat
527 3368 639 3432 minus
647 3367 792 3467 impetus
805 3364 954 3430 undis.¹

173 3473 226 3535 Fit
241 3493 373 3554 quoque
381 3521 391 3555 ,
403 3473 453 3537 uti
463 3473 596 3556 pluviae
608 3458 720 3538 forsan
734 3472 837 3560 magis
847 3475 890 3535 ad
903 3469 1040 3556 caput*
1011 3490 1081 3536 erus

134 3583 298 3665 Tempore
312 3604 352 3645 eo
364 3582 460 3663 liant,
473 3602 540 3663 quo
553 3581 658 3645 Etesia
674 3565 777 3644 llabra
788 3564 1047 3662 Aquilomiin'·

134 3684 255 3748 Nubila
273 3686 454 3750 coniiciunt
465 3687 501 3749 in
512 3707 565 3750 eas
581 3696 659 3751 tunc
670 3707 785 3749 omma
793 3686 923 3768 parteis.
1017 3690 1021 3703 ’

135 3791 264 3856 Scilicet
278 3794 321 3854 ad
330 3794 472 3856 mediam
485 3793 656 3881 regionem
666 3793 769 3859 eiecta
783 3790 849 3856 dici
886 3818 889 3823 ·
