2572 4732
307 347 513 411 uren
550 347 619 416 1v.
654 358 783 432 mn.
963 353 1017 416 ns

59 460 163 558 Hunc
176 489 280 582 igitur
295 501 408 585 contra
419 493 552 558 mittam
562 498 759 560 contendere
772 516 919 586 causam,

61 599 133 686 Qui
142 600 250 684 eapite
259 600 329 683 ipse
341 618 401 666 sno
412 599 449 664 in
461 600 573 664 statuit
585 601 723 689 vestigia
738 623 816 668 sese.

60 704 103 766 Et
112 712 225 769 tamen
235 705 439 784 hocquoque
449 703 498 765 uti
508 706 686 767 concedam
697 704 797 796 scire,
808 717 842 769 at
850 706 888 769 id
897 705 1007 793 ipsum

63 806 249 889 Quaeram,
266 824 368 886 quom
381 803 418 867 in
429 806 527 867 rebus
538 804 665 868 verinil
675 804 795 869 viderit
806 816 897 890 ante,

60 914 160 976 Unde
172 912 269 994 sciat,
279 912 359 993 quid
369 911 412 974 sit
419 911 518 991 scire,
533 921 565 974 et
579 911 705 976 nescire
718 910 876 978 vicissim:

60 1017 221 1081 Notitiam
235 1017 306 1080 veri
318 1035 463 1097 quaeres
477 1015 615 1096 salsique
627 1004 763 1094 crearit3

60 1125 104 1186 Et
116 1120 259 1185 dubium
272 1131 360 1184 certo
376 1140 524 1201 quaeres
539 1117 672 1184 differre
687 1119 857 1205 probarit?

104 1224 272 1309 Invenies,
287 1223 403 1308 primis
413 1228 455 1288 ab
466 1225 614 1289 sensibus
630 1220 855 1290 esse'creatam

10 1344 13 1353 ·
60 1328 219 1395 Notitialn
232 1329 318 1412 veri,
336 1349 444 1412 neque
460 1349 574 1405 sensus
587 1330 822 1412 posserefelli:

58 1436 147 1499 Nam
156 1433 282 1497 maiore
297 1434 364 1499 fide
381 1436 478 1498 debet
490 1434 665 1517 reperirier
680 1434 778 1518 illud,

59 1538 185 1620 Sponte
199 1558 258 1623 sna
272 1537 359 1603 veris
369 1540 460 1620 quod
471 1538 573 1621 possit
587 1538 720 1602 vincere
733 1539 824 1602 falsa·
942 1602 945 1607 .

60 1641 152 1727 Quid
164 1642 289 1740 maiore
298 1641 365 1706 fide
374 1663 492 1726 porro,
511 1664 612 1724 quarn
622 1663 748 1724 sensns,
767 1638 884 1706 haberi

59 1751 189 1814 Debet?
200 1770 244 1812 an
255 1752 298 1815 nb
310 1770 406 1816 sensu
421 1751 504 1815 falso
520 1749 604 1814 ratio
618 1760 691 1814 orta
707 1747 831 1812 valebit
986 1826 987 1829 Ἴ

60 1855 179 1935 Dicere
192 1875 249 1921 eos
261 1867 392 1939 eontra,
404 1877 489 1938 quae
502 1865 569 1920 tota
579 1859 622 1919 ab
633 1855 781 1921 sensibus
790 1862 863 1917 orta
873 1851 945 1915 esti

61 1961 131 2047 Qui
144 1961 210 2027 nisi
222 1962 289 2026 sint
301 1963 385 2044 veri,
401 1963 485 2025 ratio
498 1982 631 2043 quoque
642 1962 728 2024 falsa
741 1960 777 2022 fit
793 1959 910 2021 omnis.

22 2107 25 2116 ·
61 2066 112 2133 An
121 2058 1013 2148 poteruntoculosauresreprehenderelanaureis487

60 2169 201 2234 Tactus?
215 2189 260 2232 an
268 2172 359 2232 hunc
371 2189 471 2252 porro
484 2179 606 2233 tactum
619 2188 716 2252 sapor
730 2176 845 2255 arguet
854 2167 936 2243 oris5

62 2273 113 2333 An
129 2254 348 2335 confutabunt
365 2290 477 2354 nares,
494 2271 625 2336 oculive
638 2271 833 2336 revincent?
1100 2352 1102 2361 Ι

62 2374 147 2455 Non,
156 2382 193 2435 ut
204 2372 335 2456 opinor,
344 2362 462 2436 itaest:
476 2393 555 2436 nam
565 2394 712 2438 norsum
720 2374 864 2456 quoique
873 2383 1015 2458 potestas

60 2475 174 2541 Divisa
184 2486 248 2540 est:
261 2495 321 2542 sua
333 2475 383 2542 vis
396 2474 541 2558 quoique
551 2486 599 2540 est
610 2499 618 2540 ε
636 2477 778 2560 ideoque
787 2501 916 2543 neeesse
928 2491 994 2564 est,

62 2579 118 2661 Et,
133 2580 224 2661 quod
233 2579 333 2642 molle
344 2576 403 2659 sit,
415 2585 448 2640 et
460 2575 622 2664 gelidum,
633 2578 821 2663 fervensve,
835 2579 972 2660 videri3¹

63 2684 101 2746 Et
116 2702 264 2764 seorsum
278 2682 387 2748 varios
401 2704 512 2747 rerum
524 2683 645 2752 sentire
662 2686 806 2768 colores,

63 2790 123 2871 Et‚,
133 2809 347 2872 quaecunque
359 2784 515 2854 coloribu'
524 2788 589 2851 sint
599 2772 791 2872 coniuncta,
804 2813 936 2856 necesse
943 2801 1000 2858 est.

61 2895 194 2958 Seorsus
204 2893 283 2958 item
298 2914 397 2976 sapor
412 2894 477 2957 oris
486 2895 585 2957 habet
596 2894 679 2975 vim,
692 2913 821 2958 seorsus
835 2898 952 2960 odores

61 2996 260 3077 Nascuntur,
273 3012 420 3057 seorsum
430 2992 554 3056 sonitus
564 3015 572 3055 τ
584 2992 726 3074 ideoque
738 3015 868 3060 necesse
880 3007 943 3080 est,

61 3103 134 3164 Non
145 3101 269 3183 possint
284 3099 368 3164 alios
380 3099 438 3163 alii
450 3100 647 3165 convincere
662 3122 785 3167 sensus.

61 3210 128 3272 Nec
144 3229 245 3290 porro
260 3218 415 3297 poterunt
428 3188 493 3289 ipsi
505 3202 746 3291 reprehendere
757 3227 843 3288 sese;

27 3323 31 3334 “
62 3317 173 3397 Aequa
185 3316 266 3380 fides
278 3314 436 3398 quoniam
449 3315 584 3379 debebit
599 3337 727 3400 semper
736 3315 860 3383 haberi·
959 3307 970 3379 ,Ϊ

62 3420 218 3504 Proinde,
233 3420 370 3503 quodin
385 3440 516 3501 quoque
528 3430 575 3485 est
584 3420 636 3483 his
644 3419 754 3488 visum
765 3432 930 3504 tempore,

243 3591 244 3594 Ἴ
585 3547 703 3589 verum
717 3536 773 3591 est

100 3630 156 3712 Et,
166 3628 196 3693 si
208 3649 276 3693 non
285 3626 405 3712 poterit
414 3627 498 3691 ratio
512 3627 689 3692 dissolvere
700 3648 844 3710 eausam,

64 3734 130 3797 Cur
141 3751 193 3818 ea,
204 3752 289 3814 quac
299 3729 551 3795 fuerintiuxtirn
562 3733 736 3816 quadrata,
751 3732 868 3824 procul
875 3729 942 3798 sint
