2550 4726
275 340 304 399 e.
478 331 545 396 DE
569 331 758 395 RERUM
787 330 1004 395 NATURA
1065 350 1100 393 v.
1123 349 1193 397 raa.

275 476 402 543 Ennius
418 474 557 540 aeternis
568 474 703 557 exponit
715 473 865 541 uersibus
880 475 997 555 edens,
1032 532 1036 539 .

276 589 352 669 Quo
365 606 472 664 neque
481 592 675 666 permanent
686 582 815 645 animae
824 627 834 663 ,
843 603 951 666 neque
957 601 1097 664 corpora
1104 589 1234 662 nostru

276 691 340 754 sed
352 690 512 777 quaedam
526 687 721 768 simulacra,
732 685 839 750 modis
848 685 1006 769 pallentia
1015 686 1124 751 miris:

275 795 393 874 Unde,
402 791 470 857 sibi
482 800 644 872 exortam,
657 812 787 873 semper
797 792 942 857 florentis
955 791 1095 856 Homeri

277 900 521 959 Commemorat
532 895 675 978 speciem
688 898 849 960 lacrumas
859 893 1029 962 effundere
1043 900 1148 963 salsas·

276 1000 443 1084 Coepisse,
457 1013 489 1064 et
501 1022 612 1065 rerum
626 1013 778 1066 naturam
794 1007 979 1086 expandere
992 1004 1095 1070 dictis.

317 1109 541 1189 Quapropter,
552 1107 636 1167 hene
646 1126 747 1185 quom
757 1107 884 1191 superis
894 1109 935 1171 de
945 1110 1042 1173 rebus
1052 1110 1209 1175 habenda

274 1212 379 1275 Nobis
393 1220 439 1273 est
452 1209 554 1291 ratio,
573 1210 651 1277 solis
665 1204 828 1292 lunaeque
842 1225 968 1278 meatus

277 1320 354 1400 Qua
366 1315 445 1378 fiant
461 1317 607 1398 ratione,
617 1308 656 1379 'et
673 1316 787 1398 quavi
803 1338 954 1400 quaeque
968 1320 1126 1404 gertntur

275 1421 318 1483 Iu
335 1420 535 1515 terrisptum
552 1442 630 1485 cum
646 1419 776 1504 primis,
794 1421 922 1487 ratione
936 1423 1061 1510 sagaci,

276 1525 374 1587 Unde
388 1524 500 1589 anima
511 1534 609 1605 atque
619 1525 723 1591 animi
736 1535 859 1589 constet
871 1536 1003 1606 natura,
1019 1525 1224 1606 ridendum

275 1629 318 1692 Et
332 1649 498 1712 quaeres,
510 1631 606 1695 nobis
618 1616 956 1717 vigilantibusohvia,
974 1633 1114 1697 menteis

231 1763 237 1777 ‚
277 1732 465 1825 Ternficet,
480 1740 596 1806 morbo
609 1733 747 1818 affectis,
762 1756 944 1823 somnoque
962 1737 1115 1823 sepultis;

277 1836 484 1916 Cernereuti
500 1847 673 1911 videamur
683 1869 760 1929 eos,
780 1848 961 1928 audireque
977 1866 1104 1929 coram,

276 1949 385 2013 Morte
399 1950 488 2012 obita
504 1971 647 2030 quorum
665 1953 760 2015 tellus
772 1951 979 2034 amplectitur
995 1971 1079 2015 ossa.
1179 1955 1238 2014 ras

318 2055 387 2117 Nec
397 2054 565 2118 meanimi
578 2055 679 2136 fallit,
695 2056 872 2119 Graiorum
887 2060 1025 2121 clncura
1043 2064 1176 2143 reperta

275 2151 421 2218 Difficile
437 2155 612 2221 inlustrare
630 2158 753 2223 Latinis
769 2160 916 2224 versibus
933 2181 1016 2234 essm

276 2265 384 2326 Multa
397 2263 492 2326 novis
505 2264 614 2327 verbis
624 2265 815 2346 praesertim
833 2285 934 2345 quom
947 2263 989 2328 sit
1006 2266 1195 2350 agundum,
1229 2327 1232 2332 .

276 2373 417 2453 Propter
426 2380 602 2455 egestatem
612 2366 757 2457 linguae,
770 2382 803 2433 et
816 2392 928 2435 rerum
946 2371 1144 2437 novitatem:
1189 2410 1192 2417 ·

276 2477 343 2542 Sed
358 2486 413 2537 tua
430 2496 484 2539 me
502 2475 607 2538 virtus
624 2486 749 2554 tamen,
767 2485 937 2559 etsperata
951 2479 1102 2560 voluptas
1160 2540 1163 2545 .

277 2577 394 2641 Suavis
405 2578 588 2660 amicitiae,
607 2579 755 2660 quemvis
768 2576 885 2644 efferre
898 2583 1047 2647 laborem

276 2684 416 2763 Suadet,
428 2691 461 2744 et
472 2681 601 2746 inducit
615 2683 740 2745 nocteis
750 2681 890 2768 vigilare
902 2703 1054 2767 serenas,-

278 2790 517 2870 Quaerenlem,
539 2788 635 2852 dictis
647 2790 784 2871 quihus,
802 2801 833 2852 et
843 2811 911 2872 quo
920 2792 1240 2873 carmine,.demum

279 2895 377 2958 Clara
396 2904 470 2958 tuae
487 2895 609 2979 possim
626 2900 852 2982 praepandere
870 2898 1127 2980 luminamenti‚

278 2991 346 3067 Res
356 3003 481 3086 quibua.
489 3007 633 3070 occultas
648 3004 779 3088 penitus
793 3005 961 3071 convisere
972 3006 1086 3089 possis.

304 3142 307 3146 “
318 3115 418 3176 Hunc
424 3111 526 3198 igitur
536 3118 694 3175 terrorem
705 3112 809 3176 animi
822 3115 1038 3194 tenebrasque
1045 3123 1233 3181 necesseest

278 3219 353 3279 Non
371 3215 456 3279 radii
462 3215 559 3298 solis,
574 3228 680 3298 neque
694 3216 806 3280 lucida
821 3217 885 3279 tela
899 3215 967 3278 diei

278 3322 476 3402 Discutiant,
498 3325 555 3386 sed
565 3334 701 3386 naturae
715 3323 853 3405 species,
875 3324 1044 3403 ratioque:
1093 3376 1096 3381 .
1208 3362 1211 3367 ·

280 3424 407 3512 Quoius
423 3423 624 3510 principium
640 3426 718 3488 hinc
737 3425 834 3507 nobis
845 3424 983 3490 exordia
995 3409 1116 3511 sumet,

280 3536 414 3599 Nullam
425 3556 495 3598 rem
511 3557 530 3599 e
544 3535 650 3598 nihilo
668 3532 761 3622 gigni
776 3532 934 3599 divininrs
948 3556 1107 3617 unquam.

280 3641 412 3728 Quippe
425 3642 471 3706 ita
484 3644 628 3708 formido
639 3643 806 3708 mortaleis
819 3646 964 3709 continet
977 3643 1123 3723 omneis,

281 3751 381 3835 Quod
393 3751 497 3812 multa
513 3748 549 3814 in
568 3748 665 3814 terris
679 3746 753 3814 fieri
767 3754 926 3836 coeloque
942 3763 1089 3836 tuentur,
